%YAML 1.1
%TAG !u! tag:unity3d.com,2011:
--- !u!29 &1
OcclusionCullingSettings:
  m_ObjectHideFlags: 0
  serializedVersion: 2
  m_OcclusionBakeSettings:
    smallestOccluder: 5
    smallestHole: 0.25
    backfaceThreshold: 100
  m_SceneGUID: 00000000000000000000000000000000
  m_OcclusionCullingData: {fileID: 0}
--- !u!104 &2
RenderSettings:
  m_ObjectHideFlags: 0
  serializedVersion: 9
  m_Fog: 0
  m_FogColor: {r: 0.5, g: 0.5, b: 0.5, a: 1}
  m_FogMode: 3
  m_FogDensity: 0.01
  m_LinearFogStart: 0
  m_LinearFogEnd: 300
  m_AmbientSkyColor: {r: 0.212, g: 0.227, b: 0.259, a: 1}
  m_AmbientEquatorColor: {r: 0.114, g: 0.125, b: 0.133, a: 1}
  m_AmbientGroundColor: {r: 0.047, g: 0.043, b: 0.035, a: 1}
  m_AmbientIntensity: 1
  m_AmbientMode: 3
  m_SubtractiveShadowColor: {r: 0.42, g: 0.478, b: 0.627, a: 1}
  m_SkyboxMaterial: {fileID: 0}
  m_HaloStrength: 0.5
  m_FlareStrength: 1
  m_FlareFadeSpeed: 3
  m_HaloTexture: {fileID: 0}
  m_SpotCookie: {fileID: 10001, guid: 0000000000000000e000000000000000, type: 0}
  m_DefaultReflectionMode: 0
  m_DefaultReflectionResolution: 128
  m_ReflectionBounces: 1
  m_ReflectionIntensity: 1
  m_CustomReflection: {fileID: 0}
  m_Sun: {fileID: 0}
  m_IndirectSpecularColor: {r: 0, g: 0, b: 0, a: 1}
  m_UseRadianceAmbientProbe: 0
--- !u!157 &3
LightmapSettings:
  m_ObjectHideFlags: 0
  serializedVersion: 11
  m_GIWorkflowMode: 1
  m_GISettings:
    serializedVersion: 2
    m_BounceScale: 1
    m_IndirectOutputScale: 1
    m_AlbedoBoost: 1
    m_TemporalCoherenceThreshold: 1
    m_EnvironmentLightingMode: 0
    m_EnableBakedLightmaps: 0
    m_EnableRealtimeLightmaps: 0
  m_LightmapEditorSettings:
    serializedVersion: 10
    m_Resolution: 2
    m_BakeResolution: 40
    m_AtlasSize: 1024
    m_AO: 0
    m_AOMaxDistance: 1
    m_CompAOExponent: 1
    m_CompAOExponentDirect: 0
    m_Padding: 2
    m_LightmapParameters: {fileID: 0}
    m_LightmapsBakeMode: 1
    m_TextureCompression: 1
    m_FinalGather: 0
    m_FinalGatherFiltering: 1
    m_FinalGatherRayCount: 256
    m_ReflectionCompression: 2
    m_MixedBakeMode: 2
    m_BakeBackend: 1
    m_PVRSampling: 1
    m_PVRDirectSampleCount: 32
    m_PVRSampleCount: 500
    m_PVRBounces: 2
    m_PVRFilterTypeDirect: 0
    m_PVRFilterTypeIndirect: 0
    m_PVRFilterTypeAO: 0
    m_PVRFilteringMode: 1
    m_PVRCulling: 1
    m_PVRFilteringGaussRadiusDirect: 1
    m_PVRFilteringGaussRadiusIndirect: 5
    m_PVRFilteringGaussRadiusAO: 2
    m_PVRFilteringAtrousPositionSigmaDirect: 0.5
    m_PVRFilteringAtrousPositionSigmaIndirect: 2
    m_PVRFilteringAtrousPositionSigmaAO: 1
    m_ShowResolutionOverlay: 1
  m_LightingDataAsset: {fileID: 0}
  m_UseShadowmask: 1
--- !u!196 &4
NavMeshSettings:
  serializedVersion: 2
  m_ObjectHideFlags: 0
  m_BuildSettings:
    serializedVersion: 2
    agentTypeID: 0
    agentRadius: 0.5
    agentHeight: 2
    agentSlope: 45
    agentClimb: 0.4
    ledgeDropHeight: 0
    maxJumpAcrossDistance: 0
    minRegionArea: 2
    manualCellSize: 0
    cellSize: 0.16666667
    manualTileSize: 0
    tileSize: 256
    accuratePlacement: 0
    debug:
      m_Flags: 0
  m_NavMeshData: {fileID: 0}
--- !u!1001 &19555186
Prefab:
  m_ObjectHideFlags: 0
  serializedVersion: 2
  m_Modification:
    m_TransformParent: {fileID: 900288967}
    m_Modifications:
    - target: {fileID: 4861486828684562, guid: 390d9dee3b343664abc59167fce4799d, type: 2}
      propertyPath: m_LocalPosition.x
      value: 2.522
      objectReference: {fileID: 0}
    - target: {fileID: 4861486828684562, guid: 390d9dee3b343664abc59167fce4799d, type: 2}
      propertyPath: m_LocalPosition.y
      value: 1.8815001
      objectReference: {fileID: 0}
    - target: {fileID: 4861486828684562, guid: 390d9dee3b343664abc59167fce4799d, type: 2}
      propertyPath: m_LocalPosition.z
      value: 0
      objectReference: {fileID: 0}
    - target: {fileID: 4861486828684562, guid: 390d9dee3b343664abc59167fce4799d, type: 2}
      propertyPath: m_LocalRotation.x
      value: -0
      objectReference: {fileID: 0}
    - target: {fileID: 4861486828684562, guid: 390d9dee3b343664abc59167fce4799d, type: 2}
      propertyPath: m_LocalRotation.y
      value: -0
      objectReference: {fileID: 0}
    - target: {fileID: 4861486828684562, guid: 390d9dee3b343664abc59167fce4799d, type: 2}
      propertyPath: m_LocalRotation.z
      value: -0
      objectReference: {fileID: 0}
    - target: {fileID: 4861486828684562, guid: 390d9dee3b343664abc59167fce4799d, type: 2}
      propertyPath: m_LocalRotation.w
      value: 1
      objectReference: {fileID: 0}
    - target: {fileID: 4861486828684562, guid: 390d9dee3b343664abc59167fce4799d, type: 2}
      propertyPath: m_RootOrder
      value: 7
      objectReference: {fileID: 0}
    - target: {fileID: 1893053488809796, guid: 390d9dee3b343664abc59167fce4799d, type: 2}
      propertyPath: m_Name
      value: right (5)
      objectReference: {fileID: 0}
    - target: {fileID: 4861486828684562, guid: 390d9dee3b343664abc59167fce4799d, type: 2}
      propertyPath: m_LocalScale.x
      value: 0.1
      objectReference: {fileID: 0}
    - target: {fileID: 4861486828684562, guid: 390d9dee3b343664abc59167fce4799d, type: 2}
      propertyPath: m_LocalScale.y
      value: 0.1
      objectReference: {fileID: 0}
    m_RemovedComponents: []
  m_SourcePrefab: {fileID: 100100000, guid: 390d9dee3b343664abc59167fce4799d, type: 2}
  m_IsPrefabAsset: 0
--- !u!4 &61073013 stripped
Transform:
  m_CorrespondingSourceObject: {fileID: 4861486828684562, guid: 390d9dee3b343664abc59167fce4799d,
    type: 2}
  m_PrefabInternal: {fileID: 162567149}
--- !u!1001 &162567149
Prefab:
  m_ObjectHideFlags: 0
  serializedVersion: 2
  m_Modification:
    m_TransformParent: {fileID: 900288967}
    m_Modifications:
    - target: {fileID: 4861486828684562, guid: 390d9dee3b343664abc59167fce4799d, type: 2}
      propertyPath: m_LocalPosition.x
      value: 2.522
      objectReference: {fileID: 0}
    - target: {fileID: 4861486828684562, guid: 390d9dee3b343664abc59167fce4799d, type: 2}
      propertyPath: m_LocalPosition.y
      value: 3.2935002
      objectReference: {fileID: 0}
    - target: {fileID: 4861486828684562, guid: 390d9dee3b343664abc59167fce4799d, type: 2}
      propertyPath: m_LocalPosition.z
      value: 0
      objectReference: {fileID: 0}
    - target: {fileID: 4861486828684562, guid: 390d9dee3b343664abc59167fce4799d, type: 2}
      propertyPath: m_LocalRotation.x
      value: -0
      objectReference: {fileID: 0}
    - target: {fileID: 4861486828684562, guid: 390d9dee3b343664abc59167fce4799d, type: 2}
      propertyPath: m_LocalRotation.y
      value: -0
      objectReference: {fileID: 0}
    - target: {fileID: 4861486828684562, guid: 390d9dee3b343664abc59167fce4799d, type: 2}
      propertyPath: m_LocalRotation.z
      value: -0
      objectReference: {fileID: 0}
    - target: {fileID: 4861486828684562, guid: 390d9dee3b343664abc59167fce4799d, type: 2}
      propertyPath: m_LocalRotation.w
      value: 1
      objectReference: {fileID: 0}
    - target: {fileID: 4861486828684562, guid: 390d9dee3b343664abc59167fce4799d, type: 2}
      propertyPath: m_RootOrder
      value: 3
      objectReference: {fileID: 0}
    - target: {fileID: 1893053488809796, guid: 390d9dee3b343664abc59167fce4799d, type: 2}
      propertyPath: m_Name
      value: right (1)
      objectReference: {fileID: 0}
    - target: {fileID: 4861486828684562, guid: 390d9dee3b343664abc59167fce4799d, type: 2}
      propertyPath: m_LocalScale.x
      value: 0.1
      objectReference: {fileID: 0}
    - target: {fileID: 4861486828684562, guid: 390d9dee3b343664abc59167fce4799d, type: 2}
      propertyPath: m_LocalScale.y
      value: 0.1
      objectReference: {fileID: 0}
    m_RemovedComponents: []
  m_SourcePrefab: {fileID: 100100000, guid: 390d9dee3b343664abc59167fce4799d, type: 2}
  m_IsPrefabAsset: 0
--- !u!4 &298653285 stripped
Transform:
  m_CorrespondingSourceObject: {fileID: 4861486828684562, guid: 390d9dee3b343664abc59167fce4799d,
    type: 2}
  m_PrefabInternal: {fileID: 1640786437}
--- !u!1001 &319662258
Prefab:
  m_ObjectHideFlags: 0
  serializedVersion: 2
  m_Modification:
    m_TransformParent: {fileID: 900288967}
    m_Modifications:
    - target: {fileID: 4233043445200614, guid: 6270d2108e9b26e4388d4a67b2258c0d, type: 2}
      propertyPath: m_LocalPosition.x
      value: 2.0379999
      objectReference: {fileID: 0}
    - target: {fileID: 4233043445200614, guid: 6270d2108e9b26e4388d4a67b2258c0d, type: 2}
      propertyPath: m_LocalPosition.y
      value: 4.124
      objectReference: {fileID: 0}
    - target: {fileID: 4233043445200614, guid: 6270d2108e9b26e4388d4a67b2258c0d, type: 2}
      propertyPath: m_LocalPosition.z
      value: 0
      objectReference: {fileID: 0}
    - target: {fileID: 4233043445200614, guid: 6270d2108e9b26e4388d4a67b2258c0d, type: 2}
      propertyPath: m_LocalRotation.x
      value: -0
      objectReference: {fileID: 0}
    - target: {fileID: 4233043445200614, guid: 6270d2108e9b26e4388d4a67b2258c0d, type: 2}
      propertyPath: m_LocalRotation.y
      value: -0
      objectReference: {fileID: 0}
    - target: {fileID: 4233043445200614, guid: 6270d2108e9b26e4388d4a67b2258c0d, type: 2}
      propertyPath: m_LocalRotation.z
      value: -0
      objectReference: {fileID: 0}
    - target: {fileID: 4233043445200614, guid: 6270d2108e9b26e4388d4a67b2258c0d, type: 2}
      propertyPath: m_LocalRotation.w
      value: 1
      objectReference: {fileID: 0}
    - target: {fileID: 4233043445200614, guid: 6270d2108e9b26e4388d4a67b2258c0d, type: 2}
      propertyPath: m_RootOrder
      value: 10
      objectReference: {fileID: 0}
    - target: {fileID: 4233043445200614, guid: 6270d2108e9b26e4388d4a67b2258c0d, type: 2}
      propertyPath: m_LocalScale.x
      value: 0.1
      objectReference: {fileID: 0}
    - target: {fileID: 4233043445200614, guid: 6270d2108e9b26e4388d4a67b2258c0d, type: 2}
      propertyPath: m_LocalScale.y
      value: 0.1
      objectReference: {fileID: 0}
    m_RemovedComponents: []
  m_SourcePrefab: {fileID: 100100000, guid: 6270d2108e9b26e4388d4a67b2258c0d, type: 2}
  m_IsPrefabAsset: 0
--- !u!4 &346810180 stripped
Transform:
  m_CorrespondingSourceObject: {fileID: 4861486828684562, guid: 390d9dee3b343664abc59167fce4799d,
    type: 2}
  m_PrefabInternal: {fileID: 380496877}
--- !u!1001 &347289471
Prefab:
  m_ObjectHideFlags: 0
  serializedVersion: 2
  m_Modification:
    m_TransformParent: {fileID: 900288967}
    m_Modifications:
    - target: {fileID: 4660952558465854, guid: 141eb799eda67264a87ad7d9c4bd43d1, type: 2}
      propertyPath: m_LocalPosition.x
      value: -0.546
      objectReference: {fileID: 0}
    - target: {fileID: 4660952558465854, guid: 141eb799eda67264a87ad7d9c4bd43d1, type: 2}
      propertyPath: m_LocalPosition.y
      value: 3.128
      objectReference: {fileID: 0}
    - target: {fileID: 4660952558465854, guid: 141eb799eda67264a87ad7d9c4bd43d1, type: 2}
      propertyPath: m_LocalPosition.z
      value: 0
      objectReference: {fileID: 0}
    - target: {fileID: 4660952558465854, guid: 141eb799eda67264a87ad7d9c4bd43d1, type: 2}
      propertyPath: m_LocalRotation.x
      value: -0
      objectReference: {fileID: 0}
    - target: {fileID: 4660952558465854, guid: 141eb799eda67264a87ad7d9c4bd43d1, type: 2}
      propertyPath: m_LocalRotation.y
      value: -0
      objectReference: {fileID: 0}
    - target: {fileID: 4660952558465854, guid: 141eb799eda67264a87ad7d9c4bd43d1, type: 2}
      propertyPath: m_LocalRotation.z
      value: -0
      objectReference: {fileID: 0}
    - target: {fileID: 4660952558465854, guid: 141eb799eda67264a87ad7d9c4bd43d1, type: 2}
      propertyPath: m_LocalRotation.w
      value: 1
      objectReference: {fileID: 0}
    - target: {fileID: 4660952558465854, guid: 141eb799eda67264a87ad7d9c4bd43d1, type: 2}
      propertyPath: m_RootOrder
      value: 1
      objectReference: {fileID: 0}
    - target: {fileID: 4660952558465854, guid: 141eb799eda67264a87ad7d9c4bd43d1, type: 2}
      propertyPath: m_LocalScale.x
      value: 0.1
      objectReference: {fileID: 0}
    - target: {fileID: 4660952558465854, guid: 141eb799eda67264a87ad7d9c4bd43d1, type: 2}
      propertyPath: m_LocalScale.y
      value: 0.1
      objectReference: {fileID: 0}
    m_RemovedComponents: []
  m_SourcePrefab: {fileID: 100100000, guid: 141eb799eda67264a87ad7d9c4bd43d1, type: 2}
  m_IsPrefabAsset: 0
--- !u!1001 &380496877
Prefab:
  m_ObjectHideFlags: 0
  serializedVersion: 2
  m_Modification:
    m_TransformParent: {fileID: 900288967}
    m_Modifications:
    - target: {fileID: 4861486828684562, guid: 390d9dee3b343664abc59167fce4799d, type: 2}
      propertyPath: m_LocalPosition.x
      value: 2.522
      objectReference: {fileID: 0}
    - target: {fileID: 4861486828684562, guid: 390d9dee3b343664abc59167fce4799d, type: 2}
      propertyPath: m_LocalPosition.y
      value: 3.6465
      objectReference: {fileID: 0}
    - target: {fileID: 4861486828684562, guid: 390d9dee3b343664abc59167fce4799d, type: 2}
      propertyPath: m_LocalPosition.z
      value: 0
      objectReference: {fileID: 0}
    - target: {fileID: 4861486828684562, guid: 390d9dee3b343664abc59167fce4799d, type: 2}
      propertyPath: m_LocalRotation.x
      value: -0
      objectReference: {fileID: 0}
    - target: {fileID: 4861486828684562, guid: 390d9dee3b343664abc59167fce4799d, type: 2}
      propertyPath: m_LocalRotation.y
      value: -0
      objectReference: {fileID: 0}
    - target: {fileID: 4861486828684562, guid: 390d9dee3b343664abc59167fce4799d, type: 2}
      propertyPath: m_LocalRotation.z
      value: -0
      objectReference: {fileID: 0}
    - target: {fileID: 4861486828684562, guid: 390d9dee3b343664abc59167fce4799d, type: 2}
      propertyPath: m_LocalRotation.w
      value: 1
      objectReference: {fileID: 0}
    - target: {fileID: 4861486828684562, guid: 390d9dee3b343664abc59167fce4799d, type: 2}
      propertyPath: m_RootOrder
      value: 2
      objectReference: {fileID: 0}
    - target: {fileID: 4861486828684562, guid: 390d9dee3b343664abc59167fce4799d, type: 2}
      propertyPath: m_LocalScale.x
      value: 0.1
      objectReference: {fileID: 0}
    - target: {fileID: 4861486828684562, guid: 390d9dee3b343664abc59167fce4799d, type: 2}
      propertyPath: m_LocalScale.y
      value: 0.1
      objectReference: {fileID: 0}
    m_RemovedComponents: []
  m_SourcePrefab: {fileID: 100100000, guid: 390d9dee3b343664abc59167fce4799d, type: 2}
  m_IsPrefabAsset: 0
--- !u!1001 &433185232
Prefab:
  m_ObjectHideFlags: 0
  serializedVersion: 2
  m_Modification:
    m_TransformParent: {fileID: 451891792}
    m_Modifications:
    - target: {fileID: 4979694468883500, guid: 902d36ae52301b6418bbc1b51d07f937, type: 2}
      propertyPath: m_LocalPosition.x
      value: 0.168
      objectReference: {fileID: 0}
    - target: {fileID: 4979694468883500, guid: 902d36ae52301b6418bbc1b51d07f937, type: 2}
      propertyPath: m_LocalPosition.y
      value: 0
      objectReference: {fileID: 0}
    - target: {fileID: 4979694468883500, guid: 902d36ae52301b6418bbc1b51d07f937, type: 2}
      propertyPath: m_LocalPosition.z
      value: -0.2238968
      objectReference: {fileID: 0}
    - target: {fileID: 4979694468883500, guid: 902d36ae52301b6418bbc1b51d07f937, type: 2}
      propertyPath: m_LocalRotation.x
      value: -0
      objectReference: {fileID: 0}
    - target: {fileID: 4979694468883500, guid: 902d36ae52301b6418bbc1b51d07f937, type: 2}
      propertyPath: m_LocalRotation.y
      value: -0
      objectReference: {fileID: 0}
    - target: {fileID: 4979694468883500, guid: 902d36ae52301b6418bbc1b51d07f937, type: 2}
      propertyPath: m_LocalRotation.z
      value: -0
      objectReference: {fileID: 0}
    - target: {fileID: 4979694468883500, guid: 902d36ae52301b6418bbc1b51d07f937, type: 2}
      propertyPath: m_LocalRotation.w
      value: 1
      objectReference: {fileID: 0}
    - target: {fileID: 4979694468883500, guid: 902d36ae52301b6418bbc1b51d07f937, type: 2}
      propertyPath: m_RootOrder
      value: 0
      objectReference: {fileID: 0}
    - target: {fileID: 114451473342240944, guid: 902d36ae52301b6418bbc1b51d07f937,
        type: 2}
      propertyPath: player
      value: 
      objectReference: {fileID: 451891790}
    - target: {fileID: 114451473342240944, guid: 902d36ae52301b6418bbc1b51d07f937,
        type: 2}
      propertyPath: bala
      value: 
      objectReference: {fileID: 1405771555701464, guid: c88eb265a9a627348ab43210726d4a32,
        type: 2}
    - target: {fileID: 4979694468883500, guid: 902d36ae52301b6418bbc1b51d07f937, type: 2}
      propertyPath: m_LocalScale.y
      value: 0.12751079
      objectReference: {fileID: 0}
    - target: {fileID: 4979694468883500, guid: 902d36ae52301b6418bbc1b51d07f937, type: 2}
      propertyPath: m_LocalScale.x
      value: 0.086141035
      objectReference: {fileID: 0}
    - target: {fileID: 212481321133048818, guid: 902d36ae52301b6418bbc1b51d07f937,
        type: 2}
      propertyPath: m_Enabled
      value: 0
      objectReference: {fileID: 0}
    m_RemovedComponents: []
  m_SourcePrefab: {fileID: 100100000, guid: 902d36ae52301b6418bbc1b51d07f937, type: 2}
  m_IsPrefabAsset: 0
--- !u!1 &451891790
GameObject:
  m_ObjectHideFlags: 0
  m_CorrespondingSourceObject: {fileID: 1016048062157882, guid: baaf0f9b4d0ffbc418b7d4e4f1c902fc,
    type: 2}
  m_PrefabInternal: {fileID: 0}
  serializedVersion: 6
  m_Component:
  - component: {fileID: 451891792}
  - component: {fileID: 451891791}
  - component: {fileID: 451891794}
  - component: {fileID: 451891793}
  - component: {fileID: 451891795}
  - component: {fileID: 451891796}
  - component: {fileID: 451891797}
  - component: {fileID: 451891798}
  m_Layer: 0
  m_Name: Player
  m_TagString: Untagged
  m_Icon: {fileID: 0}
  m_NavMeshLayer: 0
  m_StaticEditorFlags: 0
  m_IsActive: 1
--- !u!212 &451891791
SpriteRenderer:
  m_ObjectHideFlags: 0
  m_CorrespondingSourceObject: {fileID: 212595557657821174, guid: baaf0f9b4d0ffbc418b7d4e4f1c902fc,
    type: 2}
  m_PrefabInternal: {fileID: 0}
  m_GameObject: {fileID: 451891790}
  m_Enabled: 1
  m_CastShadows: 0
  m_ReceiveShadows: 0
  m_DynamicOccludee: 1
  m_MotionVectors: 1
  m_LightProbeUsage: 1
  m_ReflectionProbeUsage: 1
  m_RenderingLayerMask: 4294967295
  m_Materials:
  - {fileID: 10754, guid: 0000000000000000f000000000000000, type: 0}
  m_StaticBatchInfo:
    firstSubMesh: 0
    subMeshCount: 0
  m_StaticBatchRoot: {fileID: 0}
  m_ProbeAnchor: {fileID: 0}
  m_LightProbeVolumeOverride: {fileID: 0}
  m_ScaleInLightmap: 1
  m_PreserveUVs: 0
  m_IgnoreNormalsForChartDetection: 0
  m_ImportantGI: 0
  m_StitchLightmapSeams: 0
  m_SelectedEditorRenderState: 0
  m_MinimumChartSize: 4
  m_AutoUVMaxDistance: 0.5
  m_AutoUVMaxAngle: 89
  m_LightmapParameters: {fileID: 0}
  m_SortingLayerID: -92418835
  m_SortingLayer: -1
  m_SortingOrder: 0
  m_Sprite: {fileID: 21300930, guid: 8d4246dc0317243fb9082edb85837f73, type: 3}
  m_Color: {r: 1, g: 1, b: 1, a: 1}
  m_FlipX: 0
  m_FlipY: 0
  m_DrawMode: 0
  m_Size: {x: 0.34, y: 0.18}
  m_AdaptiveModeThreshold: 0.5
  m_SpriteTileMode: 0
  m_WasSpriteAssigned: 1
  m_MaskInteraction: 0
  m_SpriteSortPoint: 0
--- !u!4 &451891792
Transform:
  m_ObjectHideFlags: 0
  m_CorrespondingSourceObject: {fileID: 4657102673592400, guid: baaf0f9b4d0ffbc418b7d4e4f1c902fc,
    type: 2}
  m_PrefabInternal: {fileID: 0}
  m_GameObject: {fileID: 451891790}
  m_LocalRotation: {x: 0, y: 0, z: 0, w: 1}
  m_LocalPosition: {x: 1.83, y: -1.29, z: 0}
  m_LocalScale: {x: 5, y: 5, z: 1}
  m_Children:
  - {fileID: 1676034341}
  m_Father: {fileID: 0}
  m_RootOrder: 2
  m_LocalEulerAnglesHint: {x: 0, y: 0, z: 0}
--- !u!50 &451891793
Rigidbody2D:
  serializedVersion: 4
  m_ObjectHideFlags: 0
  m_CorrespondingSourceObject: {fileID: 50316800663006694, guid: baaf0f9b4d0ffbc418b7d4e4f1c902fc,
    type: 2}
  m_PrefabInternal: {fileID: 0}
  m_GameObject: {fileID: 451891790}
  m_BodyType: 0
  m_Simulated: 1
  m_UseFullKinematicContacts: 0
  m_UseAutoMass: 0
  m_Mass: 10
  m_LinearDrag: 0
  m_AngularDrag: 0.05
  m_GravityScale: 0
  m_Material: {fileID: 6200000, guid: 495406ba07e8b4ddcb717a13bd8b72f2, type: 2}
  m_Interpolate: 0
  m_SleepingMode: 1
  m_CollisionDetection: 0
  m_Constraints: 4
--- !u!114 &451891794
MonoBehaviour:
  m_ObjectHideFlags: 0
  m_CorrespondingSourceObject: {fileID: 114982421625779252, guid: baaf0f9b4d0ffbc418b7d4e4f1c902fc,
    type: 2}
  m_PrefabInternal: {fileID: 0}
  m_GameObject: {fileID: 451891790}
  m_Enabled: 1
  m_EditorHideFlags: 0
  m_Script: {fileID: 11500000, guid: aba94cb32e2d6455bab0c4b354067275, type: 3}
  m_Name: 
  m_EditorClassIdentifier: 
  fuerza: 0
  velocidad: 15
  bala: {fileID: 1405771555701464, guid: c88eb265a9a627348ab43210726d4a32, type: 2}
--- !u!60 &451891795
PolygonCollider2D:
  m_ObjectHideFlags: 0
  m_CorrespondingSourceObject: {fileID: 60462342364333878, guid: baaf0f9b4d0ffbc418b7d4e4f1c902fc,
    type: 2}
  m_PrefabInternal: {fileID: 0}
  m_GameObject: {fileID: 451891790}
  m_Enabled: 0
  m_Density: 1
  m_Material: {fileID: 0}
  m_IsTrigger: 0
  m_UsedByEffector: 0
  m_UsedByComposite: 0
  m_Offset: {x: 0, y: 0}
  m_SpriteTilingProperty:
    border: {x: 0, y: 0, z: 0, w: 0}
    pivot: {x: 0.5, y: 0.5}
    oldSize: {x: 0.32, y: 0.17}
    newSize: {x: 0.34, y: 0.18}
    adaptiveTilingThreshold: 0.5
    drawMode: 0
    adaptiveTiling: 0
  m_AutoTiling: 0
  m_Points:
    m_Paths:
    - - {x: 0.07243134, y: 0.0548626}
      - {x: 0.037772514, y: 0.09431529}
      - {x: -0.014878673, y: 0.088184655}
      - {x: -0.089999996, y: 0.089999996}
      - {x: -0.117937826, y: 0.057583936}
      - {x: -0.15243123, y: 0.041215654}
      - {x: -0.1778243, y: -0.010859507}
      - {x: -0.17, y: -0.07}
      - {x: -0.14110966, y: -0.080192104}
      - {x: -0.12297251, y: -0.08472939}
      - {x: -0.07611008, y: -0.095858395}
      - {x: -0.010916066, y: -0.077545606}
      - {x: 0.077482514, y: -0.048526466}
      - {x: 0.13008462, y: -0.04486054}
      - {x: 0.16123258, y: -0.043644845}
      - {x: 0.17, y: -0.04}
      - {x: 0.17, y: 0.03}
--- !u!95 &451891796
Animator:
  serializedVersion: 3
  m_ObjectHideFlags: 0
  m_CorrespondingSourceObject: {fileID: 95333203825655654, guid: baaf0f9b4d0ffbc418b7d4e4f1c902fc,
    type: 2}
  m_PrefabInternal: {fileID: 0}
  m_GameObject: {fileID: 451891790}
  m_Enabled: 1
  m_Avatar: {fileID: 0}
  m_Controller: {fileID: 9100000, guid: f974a29d83aa5a44ebff1a9a4f30829f, type: 2}
  m_CullingMode: 0
  m_UpdateMode: 0
  m_ApplyRootMotion: 0
  m_LinearVelocityBlending: 0
  m_WarningMessage: 
  m_HasTransformHierarchy: 1
  m_AllowConstantClipSamplingOptimization: 1
  m_KeepAnimatorControllerStateOnDisable: 0
--- !u!58 &451891797
CircleCollider2D:
  m_ObjectHideFlags: 0
  m_CorrespondingSourceObject: {fileID: 58951487628503298, guid: baaf0f9b4d0ffbc418b7d4e4f1c902fc,
    type: 2}
  m_PrefabInternal: {fileID: 0}
  m_GameObject: {fileID: 451891790}
  m_Enabled: 0
  m_Density: 1
  m_Material: {fileID: 0}
  m_IsTrigger: 0
  m_UsedByEffector: 0
  m_UsedByComposite: 0
  m_Offset: {x: 0, y: 0}
  serializedVersion: 2
  m_Radius: 0.16
--- !u!70 &451891798
CapsuleCollider2D:
  m_ObjectHideFlags: 0
  m_CorrespondingSourceObject: {fileID: 70104892400685608, guid: baaf0f9b4d0ffbc418b7d4e4f1c902fc,
    type: 2}
  m_PrefabInternal: {fileID: 0}
  m_GameObject: {fileID: 451891790}
  m_Enabled: 1
  m_Density: 1
  m_Material: {fileID: 0}
  m_IsTrigger: 0
  m_UsedByEffector: 0
  m_UsedByComposite: 0
  m_Offset: {x: -0.0013827685, y: -0.0013038636}
  m_Size: {x: 0.33166376, y: 0.17726766}
  m_Direction: 1
--- !u!4 &462330485 stripped
Transform:
  m_CorrespondingSourceObject: {fileID: 4117899133713706, guid: d58112d35456b7b4caa0a2d80f5e2c26,
    type: 2}
  m_PrefabInternal: {fileID: 1441909893}
--- !u!4 &559442011 stripped
Transform:
  m_CorrespondingSourceObject: {fileID: 4683970305604160, guid: be332e7955b311044a088837bfc64b6e,
    type: 2}
  m_PrefabInternal: {fileID: 1911897413}
--- !u!4 &677326766 stripped
Transform:
  m_CorrespondingSourceObject: {fileID: 4861486828684562, guid: 390d9dee3b343664abc59167fce4799d,
    type: 2}
  m_PrefabInternal: {fileID: 1532189190}
--- !u!4 &744336324 stripped
Transform:
  m_CorrespondingSourceObject: {fileID: 4144174054291572, guid: f5cd3f0f5ded53043aca200ef9a1e31a,
    type: 2}
  m_PrefabInternal: {fileID: 1328241426}
--- !u!1 &900288966
GameObject:
  m_ObjectHideFlags: 0
  m_CorrespondingSourceObject: {fileID: 0}
  m_PrefabInternal: {fileID: 0}
  serializedVersion: 6
  m_Component:
  - component: {fileID: 900288967}
  m_Layer: 0
  m_Name: Walls
  m_TagString: Untagged
  m_Icon: {fileID: 0}
  m_NavMeshLayer: 0
  m_StaticEditorFlags: 0
  m_IsActive: 1
--- !u!4 &900288967
Transform:
  m_ObjectHideFlags: 0
  m_CorrespondingSourceObject: {fileID: 0}
  m_PrefabInternal: {fileID: 0}
  m_GameObject: {fileID: 900288966}
  m_LocalRotation: {x: 0, y: 0, z: 0, w: 1}
  m_LocalPosition: {x: 0, y: 0, z: 0}
  m_LocalScale: {x: 5, y: 5, z: 1}
  m_Children:
  - {fileID: 462330485}
  - {fileID: 1653202546}
  - {fileID: 346810180}
  - {fileID: 61073013}
  - {fileID: 677326766}
  - {fileID: 298653285}
  - {fileID: 1511488404}
  - {fileID: 1171116874}
  - {fileID: 2099810401}
  - {fileID: 1432962456}
  - {fileID: 932313503}
  - {fileID: 1997791018}
  - {fileID: 744336324}
  - {fileID: 559442011}
  m_Father: {fileID: 0}
  m_RootOrder: 8
  m_LocalEulerAnglesHint: {x: 0, y: 0, z: 0}
--- !u!4 &932313503 stripped
Transform:
  m_CorrespondingSourceObject: {fileID: 4233043445200614, guid: 6270d2108e9b26e4388d4a67b2258c0d,
    type: 2}
  m_PrefabInternal: {fileID: 319662258}
--- !u!1 &962442038
GameObject:
  m_ObjectHideFlags: 0
  m_CorrespondingSourceObject: {fileID: 0}
  m_PrefabInternal: {fileID: 0}
  serializedVersion: 6
  m_Component:
  - component: {fileID: 962442040}
  - component: {fileID: 962442039}
  m_Layer: 0
  m_Name: 8FE_lighttest
  m_TagString: Untagged
  m_Icon: {fileID: 0}
  m_NavMeshLayer: 0
  m_StaticEditorFlags: 0
  m_IsActive: 1
--- !u!212 &962442039
SpriteRenderer:
  m_ObjectHideFlags: 0
  m_CorrespondingSourceObject: {fileID: 0}
  m_PrefabInternal: {fileID: 0}
  m_GameObject: {fileID: 962442038}
  m_Enabled: 1
  m_CastShadows: 0
  m_ReceiveShadows: 0
  m_DynamicOccludee: 1
  m_MotionVectors: 1
  m_LightProbeUsage: 1
  m_ReflectionProbeUsage: 1
  m_RenderingLayerMask: 4294967295
  m_Materials:
  - {fileID: 10754, guid: 0000000000000000f000000000000000, type: 0}
  m_StaticBatchInfo:
    firstSubMesh: 0
    subMeshCount: 0
  m_StaticBatchRoot: {fileID: 0}
  m_ProbeAnchor: {fileID: 0}
  m_LightProbeVolumeOverride: {fileID: 0}
  m_ScaleInLightmap: 1
  m_PreserveUVs: 0
  m_IgnoreNormalsForChartDetection: 0
  m_ImportantGI: 0
  m_StitchLightmapSeams: 0
  m_SelectedEditorRenderState: 0
  m_MinimumChartSize: 4
  m_AutoUVMaxDistance: 0.5
  m_AutoUVMaxAngle: 89
  m_LightmapParameters: {fileID: 0}
  m_SortingLayerID: 1704412191
  m_SortingLayer: -3
  m_SortingOrder: 0
  m_Sprite: {fileID: 21300000, guid: 439cfe5371d114898896c2f733bc5227, type: 3}
  m_Color: {r: 1, g: 1, b: 1, a: 1}
  m_FlipX: 0
  m_FlipY: 0
  m_DrawMode: 0
  m_Size: {x: 10, y: 10}
  m_AdaptiveModeThreshold: 0.5
  m_SpriteTileMode: 0
  m_WasSpriteAssigned: 1
  m_MaskInteraction: 0
  m_SpriteSortPoint: 0
--- !u!4 &962442040
Transform:
  m_ObjectHideFlags: 0
  m_CorrespondingSourceObject: {fileID: 0}
  m_PrefabInternal: {fileID: 0}
  m_GameObject: {fileID: 962442038}
  m_LocalRotation: {x: 0, y: 0, z: 0, w: 1}
  m_LocalPosition: {x: 43.6, y: -0.07, z: 0}
  m_LocalScale: {x: 5, y: 5, z: 1}
  m_Children: []
  m_Father: {fileID: 0}
  m_RootOrder: 3
  m_LocalEulerAnglesHint: {x: 0, y: 0, z: 0}
--- !u!1 &1032349248
GameObject:
  m_ObjectHideFlags: 0
  m_CorrespondingSourceObject: {fileID: 0}
  m_PrefabInternal: {fileID: 0}
  serializedVersion: 6
  m_Component:
  - component: {fileID: 1032349250}
  - component: {fileID: 1032349249}
  - component: {fileID: 1032349252}
  - component: {fileID: 1032349251}
  - component: {fileID: 1032349253}
  - component: {fileID: 1032349259}
  - component: {fileID: 1032349258}
  - component: {fileID: 1032349257}
  - component: {fileID: 1032349256}
  - component: {fileID: 1032349255}
  - component: {fileID: 1032349254}
  m_Layer: 0
  m_Name: map1
  m_TagString: Untagged
  m_Icon: {fileID: 0}
  m_NavMeshLayer: 0
  m_StaticEditorFlags: 4294967295
  m_IsActive: 1
--- !u!212 &1032349249
SpriteRenderer:
  m_ObjectHideFlags: 0
  m_CorrespondingSourceObject: {fileID: 0}
  m_PrefabInternal: {fileID: 0}
  m_GameObject: {fileID: 1032349248}
  m_Enabled: 1
  m_CastShadows: 0
  m_ReceiveShadows: 0
  m_DynamicOccludee: 1
  m_MotionVectors: 1
  m_LightProbeUsage: 1
  m_ReflectionProbeUsage: 1
  m_RenderingLayerMask: 4294967295
  m_Materials:
  - {fileID: 10754, guid: 0000000000000000f000000000000000, type: 0}
  m_StaticBatchInfo:
    firstSubMesh: 0
    subMeshCount: 0
  m_StaticBatchRoot: {fileID: 0}
  m_ProbeAnchor: {fileID: 0}
  m_LightProbeVolumeOverride: {fileID: 0}
  m_ScaleInLightmap: 1
  m_PreserveUVs: 0
  m_IgnoreNormalsForChartDetection: 0
  m_ImportantGI: 0
  m_StitchLightmapSeams: 0
  m_SelectedEditorRenderState: 0
  m_MinimumChartSize: 4
  m_AutoUVMaxDistance: 0.5
  m_AutoUVMaxAngle: 89
  m_LightmapParameters: {fileID: 0}
  m_SortingLayerID: -92418835
  m_SortingLayer: -1
  m_SortingOrder: 0
  m_Sprite: {fileID: 21300000, guid: 1d2ccfaa6d7762442b3adbdb8748612c, type: 3}
  m_Color: {r: 1, g: 1, b: 1, a: 1}
  m_FlipX: 0
  m_FlipY: 0
  m_DrawMode: 0
  m_Size: {x: 11, y: 14}
  m_AdaptiveModeThreshold: 0.5
  m_SpriteTileMode: 0
  m_WasSpriteAssigned: 1
  m_MaskInteraction: 0
  m_SpriteSortPoint: 0
--- !u!4 &1032349250
Transform:
  m_ObjectHideFlags: 0
  m_CorrespondingSourceObject: {fileID: 0}
  m_PrefabInternal: {fileID: 0}
  m_GameObject: {fileID: 1032349248}
  m_LocalRotation: {x: -0, y: -0, z: -0, w: 1}
  m_LocalPosition: {x: 1.2, y: -9, z: 0}
  m_LocalScale: {x: 2.407412, y: 1.9284375, z: 1}
  m_Children: []
  m_Father: {fileID: 0}
  m_RootOrder: 6
  m_LocalEulerAnglesHint: {x: 0, y: 0, z: 0}
--- !u!61 &1032349251
BoxCollider2D:
  m_ObjectHideFlags: 0
  m_CorrespondingSourceObject: {fileID: 0}
  m_PrefabInternal: {fileID: 0}
  m_GameObject: {fileID: 1032349248}
  m_Enabled: 1
  m_Density: 1
  m_Material: {fileID: 0}
  m_IsTrigger: 0
  m_UsedByEffector: 0
  m_UsedByComposite: 1
  m_Offset: {x: 5.4448767, y: -5.441458}
  m_SpriteTilingProperty:
    border: {x: 0, y: 0, z: 0, w: 0}
    pivot: {x: 0.5, y: 0.5}
    oldSize: {x: 11, y: 14}
    newSize: {x: 11, y: 14}
    adaptiveTilingThreshold: 0.5
    drawMode: 0
    adaptiveTiling: 0
  m_AutoTiling: 0
  serializedVersion: 2
  m_Size: {x: 0.11024666, y: 3.1170833}
  m_EdgeRadius: 0
--- !u!61 &1032349252
BoxCollider2D:
  m_ObjectHideFlags: 0
  m_CorrespondingSourceObject: {fileID: 0}
  m_PrefabInternal: {fileID: 0}
  m_GameObject: {fileID: 1032349248}
  m_Enabled: 1
  m_Density: 1
  m_Material: {fileID: 0}
  m_IsTrigger: 0
  m_UsedByEffector: 0
  m_UsedByComposite: 1
  m_Offset: {x: 5.439122, y: 1.9418459}
  m_SpriteTilingProperty:
    border: {x: 0, y: 0, z: 0, w: 0}
    pivot: {x: 0.5, y: 0.5}
    oldSize: {x: 11, y: 14}
    newSize: {x: 11, y: 14}
    adaptiveTilingThreshold: 0.5
    drawMode: 0
    adaptiveTiling: 0
  m_AutoTiling: 0
  serializedVersion: 2
  m_Size: {x: 0.1217556, y: 10.116308}
  m_EdgeRadius: 0
--- !u!61 &1032349253
BoxCollider2D:
  m_ObjectHideFlags: 0
  m_CorrespondingSourceObject: {fileID: 0}
  m_PrefabInternal: {fileID: 0}
  m_GameObject: {fileID: 1032349248}
  m_Enabled: 1
  m_Density: 1
  m_Material: {fileID: 0}
  m_IsTrigger: 0
  m_UsedByEffector: 0
  m_UsedByComposite: 1
  m_Offset: {x: -5.444877, y: 0}
  m_SpriteTilingProperty:
    border: {x: 0, y: 0, z: 0, w: 0}
    pivot: {x: 0.5, y: 0.5}
    oldSize: {x: 11, y: 14}
    newSize: {x: 11, y: 14}
    adaptiveTilingThreshold: 0.5
    drawMode: 0
    adaptiveTiling: 0
  m_AutoTiling: 0
  serializedVersion: 2
  m_Size: {x: 0.1217556, y: 14}
  m_EdgeRadius: 0
--- !u!61 &1032349254
BoxCollider2D:
  m_ObjectHideFlags: 0
  m_CorrespondingSourceObject: {fileID: 0}
  m_PrefabInternal: {fileID: 0}
  m_GameObject: {fileID: 1032349248}
  m_Enabled: 1
  m_Density: 1
  m_Material: {fileID: 0}
  m_IsTrigger: 0
  m_UsedByEffector: 0
  m_UsedByComposite: 1
  m_Offset: {x: -3.9451323, y: 1.0072329}
  m_SpriteTilingProperty:
    border: {x: 0, y: 0, z: 0, w: 0}
    pivot: {x: 0.5, y: 0.5}
    oldSize: {x: 11, y: 14}
    newSize: {x: 11, y: 14}
    adaptiveTilingThreshold: 0.5
    drawMode: 0
    adaptiveTiling: 0
  m_AutoTiling: 0
  serializedVersion: 2
  m_Size: {x: 3.1097353, y: 0.22802782}
  m_EdgeRadius: 0
--- !u!61 &1032349255
BoxCollider2D:
  m_ObjectHideFlags: 0
  m_CorrespondingSourceObject: {fileID: 0}
  m_PrefabInternal: {fileID: 0}
  m_GameObject: {fileID: 1032349248}
  m_Enabled: 1
  m_Density: 1
  m_Material: {fileID: 0}
  m_IsTrigger: 0
  m_UsedByEffector: 0
  m_UsedByComposite: 1
  m_Offset: {x: 1.931771, y: 1.002414}
  m_SpriteTilingProperty:
    border: {x: 0, y: 0, z: 0, w: 0}
    pivot: {x: 0.5, y: 0.5}
    oldSize: {x: 11, y: 14}
    newSize: {x: 11, y: 14}
    adaptiveTilingThreshold: 0.5
    drawMode: 0
    adaptiveTiling: 0
  m_AutoTiling: 0
  serializedVersion: 2
  m_Size: {x: 7.136458, y: 0.23917246}
  m_EdgeRadius: 0
--- !u!61 &1032349256
BoxCollider2D:
  m_ObjectHideFlags: 0
  m_CorrespondingSourceObject: {fileID: 0}
  m_PrefabInternal: {fileID: 0}
  m_GameObject: {fileID: 1032349248}
  m_Enabled: 1
  m_Density: 1
  m_Material: {fileID: 0}
  m_IsTrigger: 0
  m_UsedByEffector: 0
  m_UsedByComposite: 1
  m_Offset: {x: 0, y: 6.939045}
  m_SpriteTilingProperty:
    border: {x: 0, y: 0, z: 0, w: 0}
    pivot: {x: 0.5, y: 0.5}
    oldSize: {x: 11, y: 14}
    newSize: {x: 11, y: 14}
    adaptiveTilingThreshold: 0.5
    drawMode: 0
    adaptiveTiling: 0
  m_AutoTiling: 0
  serializedVersion: 2
  m_Size: {x: 11, y: 0.13973665}
  m_EdgeRadius: 0
--- !u!61 &1032349257
BoxCollider2D:
  m_ObjectHideFlags: 0
  m_CorrespondingSourceObject: {fileID: 0}
  m_PrefabInternal: {fileID: 0}
  m_GameObject: {fileID: 1032349248}
  m_Enabled: 1
  m_Density: 1
  m_Material: {fileID: 0}
  m_IsTrigger: 0
  m_UsedByEffector: 0
  m_UsedByComposite: 1
  m_Offset: {x: 0, y: -6.944525}
  m_SpriteTilingProperty:
    border: {x: 0, y: 0, z: 0, w: 0}
    pivot: {x: 0.5, y: 0.5}
    oldSize: {x: 11, y: 14}
    newSize: {x: 11, y: 14}
    adaptiveTilingThreshold: 0.5
    drawMode: 0
    adaptiveTiling: 0
  m_AutoTiling: 0
  serializedVersion: 2
  m_Size: {x: 11, y: 0.12167549}
  m_EdgeRadius: 0
--- !u!66 &1032349258
CompositeCollider2D:
  m_ObjectHideFlags: 0
  m_CorrespondingSourceObject: {fileID: 0}
  m_PrefabInternal: {fileID: 0}
  m_GameObject: {fileID: 1032349248}
  m_Enabled: 1
  m_Density: 1
  m_Material: {fileID: 0}
  m_IsTrigger: 0
  m_UsedByEffector: 0
  m_UsedByComposite: 0
  m_Offset: {x: 0, y: 0}
  m_GeometryType: 1
  m_GenerationType: 0
  m_EdgeRadius: 0
  m_ColliderPaths:
  - m_Collider: {fileID: 1032349252}
    m_ColliderPaths:
    - - X: 132407664
        Y: 134990624
      - X: 129476496
        Y: 134990624
      - X: 129476496
        Y: -60096056
      - X: 132407664
        Y: -60096056
  - m_Collider: {fileID: 1032349251}
    m_ColliderPaths:
    - - X: 132407664
        Y: -74879616
      - X: 129753568
        Y: -74879616
      - X: 129753568
        Y: -134990624
      - X: 132407664
        Y: -134990624
  - m_Collider: {fileID: 1032349253}
    m_ColliderPaths:
    - - X: -129615048
        Y: 134990624
      - X: -132546208
        Y: 134990624
      - X: -132546208
        Y: -134990624
      - X: -129615048
        Y: -134990624
  - m_Collider: {fileID: 1032349256}
    m_ColliderPaths:
    - - X: 132407664
        Y: 135162512
      - X: -132407664
        Y: 135162512
      - X: -132407664
        Y: 132467784
      - X: 132407664
        Y: 132467784
  - m_Collider: {fileID: 1032349255}
    m_ColliderPaths:
    - - X: 132407664
        Y: 21637072
      - X: -39396288
        Y: 21637072
      - X: -39396288
        Y: 17024782
      - X: 132407664
        Y: 17024782
  - m_Collider: {fileID: 1032349257}
    m_ColliderPaths:
    - - X: 132407664
        Y: -132747600
      - X: -132407664
        Y: -132747600
      - X: -132407664
        Y: -135094032
      - X: 132407664
        Y: -135094032
  - m_Collider: {fileID: 1032349254}
    m_ColliderPaths:
    - - X: -57543516
        Y: 21622544
      - X: -132407664
        Y: 21622544
      - X: -132407664
        Y: 17225170
      - X: -57543516
        Y: 17225170
  m_CompositePaths:
    m_Paths:
    - - {x: 12.975357, y: -7.487962}
      - {x: 12.975357, y: -13.27476}
      - {x: -12.961505, y: -13.27476}
      - {x: -12.961505, y: 1.722517}
      - {x: -5.7543516, y: 1.722517}
      - {x: -5.7543516, y: 2.1622543}
      - {x: -12.961505, y: 2.1622543}
      - {x: -12.961505, y: 13.2467785}
      - {x: 12.94765, y: 13.2467785}
      - {x: 12.94765, y: 2.1637073}
      - {x: -3.9396288, y: 2.1637073}
      - {x: -3.9396288, y: 1.7024782}
      - {x: 12.94765, y: 1.7024782}
      - {x: 12.94765, y: -6.009606}
      - {x: 13.240767, y: -6.009606}
      - {x: 13.240767, y: 13.516252}
      - {x: -13.240767, y: 13.516252}
      - {x: -13.240767, y: 13.499063}
      - {x: -13.254621, y: 13.499063}
      - {x: -13.254621, y: -13.499063}
      - {x: -13.240767, y: -13.499063}
      - {x: -13.240767, y: -13.509403}
      - {x: 13.240767, y: -13.509403}
      - {x: 13.240767, y: -7.487962}
  m_VertexDistance: 0.0005
--- !u!50 &1032349259
Rigidbody2D:
  serializedVersion: 4
  m_ObjectHideFlags: 0
  m_CorrespondingSourceObject: {fileID: 0}
  m_PrefabInternal: {fileID: 0}
  m_GameObject: {fileID: 1032349248}
  m_BodyType: 1
  m_Simulated: 1
  m_UseFullKinematicContacts: 0
  m_UseAutoMass: 0
  m_Mass: 0.0001
  m_LinearDrag: 0
  m_AngularDrag: 0.05
  m_GravityScale: 0
  m_Material: {fileID: 0}
  m_Interpolate: 0
  m_SleepingMode: 1
  m_CollisionDetection: 0
  m_Constraints: 0
--- !u!1001 &1062998180
Prefab:
  m_ObjectHideFlags: 0
  serializedVersion: 2
  m_Modification:
    m_TransformParent: {fileID: 900288967}
    m_Modifications:
    - target: {fileID: 4374440354164500, guid: b29e30eeb643fa944829aff476ee3299, type: 2}
      propertyPath: m_LocalPosition.x
      value: 2.048
      objectReference: {fileID: 0}
    - target: {fileID: 4374440354164500, guid: b29e30eeb643fa944829aff476ee3299, type: 2}
      propertyPath: m_LocalPosition.y
      value: 1.058
      objectReference: {fileID: 0}
    - target: {fileID: 4374440354164500, guid: b29e30eeb643fa944829aff476ee3299, type: 2}
      propertyPath: m_LocalPosition.z
      value: 0
      objectReference: {fileID: 0}
    - target: {fileID: 4374440354164500, guid: b29e30eeb643fa944829aff476ee3299, type: 2}
      propertyPath: m_LocalRotation.x
      value: -0
      objectReference: {fileID: 0}
    - target: {fileID: 4374440354164500, guid: b29e30eeb643fa944829aff476ee3299, type: 2}
      propertyPath: m_LocalRotation.y
      value: -0
      objectReference: {fileID: 0}
    - target: {fileID: 4374440354164500, guid: b29e30eeb643fa944829aff476ee3299, type: 2}
      propertyPath: m_LocalRotation.z
      value: -0
      objectReference: {fileID: 0}
    - target: {fileID: 4374440354164500, guid: b29e30eeb643fa944829aff476ee3299, type: 2}
      propertyPath: m_LocalRotation.w
      value: 1
      objectReference: {fileID: 0}
    - target: {fileID: 4374440354164500, guid: b29e30eeb643fa944829aff476ee3299, type: 2}
      propertyPath: m_RootOrder
      value: 11
      objectReference: {fileID: 0}
    - target: {fileID: 4374440354164500, guid: b29e30eeb643fa944829aff476ee3299, type: 2}
      propertyPath: m_LocalScale.x
      value: 0.1
      objectReference: {fileID: 0}
    - target: {fileID: 4374440354164500, guid: b29e30eeb643fa944829aff476ee3299, type: 2}
      propertyPath: m_LocalScale.y
      value: 0.1
      objectReference: {fileID: 0}
    m_RemovedComponents: []
  m_SourcePrefab: {fileID: 100100000, guid: b29e30eeb643fa944829aff476ee3299, type: 2}
  m_IsPrefabAsset: 0
--- !u!4 &1171116874 stripped
Transform:
  m_CorrespondingSourceObject: {fileID: 4861486828684562, guid: 390d9dee3b343664abc59167fce4799d,
    type: 2}
  m_PrefabInternal: {fileID: 19555186}
--- !u!1001 &1263186051
Prefab:
  m_ObjectHideFlags: 0
  serializedVersion: 2
  m_Modification:
    m_TransformParent: {fileID: 900288967}
    m_Modifications:
    - target: {fileID: 4208229251825846, guid: f9addaacec0b3584a88a2f4ea2d8a511, type: 2}
      propertyPath: m_LocalPosition.x
      value: 2.3996
      objectReference: {fileID: 0}
    - target: {fileID: 4208229251825846, guid: f9addaacec0b3584a88a2f4ea2d8a511, type: 2}
      propertyPath: m_LocalPosition.y
      value: 1.1755999
      objectReference: {fileID: 0}
    - target: {fileID: 4208229251825846, guid: f9addaacec0b3584a88a2f4ea2d8a511, type: 2}
      propertyPath: m_LocalPosition.z
      value: 0
      objectReference: {fileID: 0}
    - target: {fileID: 4208229251825846, guid: f9addaacec0b3584a88a2f4ea2d8a511, type: 2}
      propertyPath: m_LocalRotation.x
      value: -0
      objectReference: {fileID: 0}
    - target: {fileID: 4208229251825846, guid: f9addaacec0b3584a88a2f4ea2d8a511, type: 2}
      propertyPath: m_LocalRotation.y
      value: -0
      objectReference: {fileID: 0}
    - target: {fileID: 4208229251825846, guid: f9addaacec0b3584a88a2f4ea2d8a511, type: 2}
      propertyPath: m_LocalRotation.z
      value: -0
      objectReference: {fileID: 0}
    - target: {fileID: 4208229251825846, guid: f9addaacec0b3584a88a2f4ea2d8a511, type: 2}
      propertyPath: m_LocalRotation.w
      value: 1
      objectReference: {fileID: 0}
    - target: {fileID: 4208229251825846, guid: f9addaacec0b3584a88a2f4ea2d8a511, type: 2}
      propertyPath: m_RootOrder
      value: 9
      objectReference: {fileID: 0}
    - target: {fileID: 4208229251825846, guid: f9addaacec0b3584a88a2f4ea2d8a511, type: 2}
      propertyPath: m_LocalScale.x
      value: 0.1
      objectReference: {fileID: 0}
    - target: {fileID: 4208229251825846, guid: f9addaacec0b3584a88a2f4ea2d8a511, type: 2}
      propertyPath: m_LocalScale.y
      value: 0.1
      objectReference: {fileID: 0}
    m_RemovedComponents: []
  m_SourcePrefab: {fileID: 100100000, guid: f9addaacec0b3584a88a2f4ea2d8a511, type: 2}
  m_IsPrefabAsset: 0
--- !u!1 &1267716014
GameObject:
  m_ObjectHideFlags: 0
  m_CorrespondingSourceObject: {fileID: 0}
  m_PrefabInternal: {fileID: 0}
  serializedVersion: 6
  m_Component:
  - component: {fileID: 1267716016}
  - component: {fileID: 1267716015}
  m_Layer: 0
  m_Name: New Sprite
  m_TagString: Untagged
  m_Icon: {fileID: 0}
  m_NavMeshLayer: 0
  m_StaticEditorFlags: 0
  m_IsActive: 1
--- !u!212 &1267716015
SpriteRenderer:
  m_ObjectHideFlags: 0
  m_CorrespondingSourceObject: {fileID: 0}
  m_PrefabInternal: {fileID: 0}
  m_GameObject: {fileID: 1267716014}
  m_Enabled: 1
  m_CastShadows: 0
  m_ReceiveShadows: 0
  m_DynamicOccludee: 1
  m_MotionVectors: 1
  m_LightProbeUsage: 1
  m_ReflectionProbeUsage: 1
  m_RenderingLayerMask: 4294967295
  m_Materials:
  - {fileID: 10754, guid: 0000000000000000f000000000000000, type: 0}
  m_StaticBatchInfo:
    firstSubMesh: 0
    subMeshCount: 0
  m_StaticBatchRoot: {fileID: 0}
  m_ProbeAnchor: {fileID: 0}
  m_LightProbeVolumeOverride: {fileID: 0}
  m_ScaleInLightmap: 1
  m_PreserveUVs: 0
  m_IgnoreNormalsForChartDetection: 0
  m_ImportantGI: 0
  m_StitchLightmapSeams: 0
  m_SelectedEditorRenderState: 0
  m_MinimumChartSize: 4
  m_AutoUVMaxDistance: 0.5
  m_AutoUVMaxAngle: 89
  m_LightmapParameters: {fileID: 0}
  m_SortingLayerID: 0
  m_SortingLayer: 0
  m_SortingOrder: 0
  m_Sprite: {fileID: 0}
  m_Color: {r: 1, g: 1, b: 1, a: 1}
  m_FlipX: 0
  m_FlipY: 0
  m_DrawMode: 0
  m_Size: {x: 1, y: 1}
  m_AdaptiveModeThreshold: 0.5
  m_SpriteTileMode: 0
  m_WasSpriteAssigned: 0
  m_MaskInteraction: 0
  m_SpriteSortPoint: 0
--- !u!4 &1267716016
Transform:
  m_ObjectHideFlags: 0
  m_CorrespondingSourceObject: {fileID: 0}
  m_PrefabInternal: {fileID: 0}
  m_GameObject: {fileID: 1267716014}
  m_LocalRotation: {x: 0, y: 0, z: 0, w: 1}
  m_LocalPosition: {x: 0.23801304, y: -0.47653145, z: 0.00802739}
  m_LocalScale: {x: 5, y: 5, z: 1}
  m_Children:
  - {fileID: 1370152779}
  m_Father: {fileID: 0}
  m_RootOrder: 7
  m_LocalEulerAnglesHint: {x: 0, y: 0, z: 0}
--- !u!1001 &1328241426
Prefab:
  m_ObjectHideFlags: 0
  serializedVersion: 2
  m_Modification:
    m_TransformParent: {fileID: 900288967}
    m_Modifications:
    - target: {fileID: 4144174054291572, guid: f5cd3f0f5ded53043aca200ef9a1e31a, type: 2}
      propertyPath: m_LocalPosition.x
      value: 0.42
      objectReference: {fileID: 0}
    - target: {fileID: 4144174054291572, guid: f5cd3f0f5ded53043aca200ef9a1e31a, type: 2}
      propertyPath: m_LocalPosition.y
      value: 1.3939999
      objectReference: {fileID: 0}
    - target: {fileID: 4144174054291572, guid: f5cd3f0f5ded53043aca200ef9a1e31a, type: 2}
      propertyPath: m_LocalPosition.z
      value: 0
      objectReference: {fileID: 0}
    - target: {fileID: 4144174054291572, guid: f5cd3f0f5ded53043aca200ef9a1e31a, type: 2}
      propertyPath: m_LocalRotation.x
      value: -0
      objectReference: {fileID: 0}
    - target: {fileID: 4144174054291572, guid: f5cd3f0f5ded53043aca200ef9a1e31a, type: 2}
      propertyPath: m_LocalRotation.y
      value: -0
      objectReference: {fileID: 0}
    - target: {fileID: 4144174054291572, guid: f5cd3f0f5ded53043aca200ef9a1e31a, type: 2}
      propertyPath: m_LocalRotation.z
      value: -0
      objectReference: {fileID: 0}
    - target: {fileID: 4144174054291572, guid: f5cd3f0f5ded53043aca200ef9a1e31a, type: 2}
      propertyPath: m_LocalRotation.w
      value: 1
      objectReference: {fileID: 0}
    - target: {fileID: 4144174054291572, guid: f5cd3f0f5ded53043aca200ef9a1e31a, type: 2}
      propertyPath: m_RootOrder
      value: 12
      objectReference: {fileID: 0}
    - target: {fileID: 4144174054291572, guid: f5cd3f0f5ded53043aca200ef9a1e31a, type: 2}
      propertyPath: m_LocalScale.x
      value: 0.1
      objectReference: {fileID: 0}
    - target: {fileID: 4144174054291572, guid: f5cd3f0f5ded53043aca200ef9a1e31a, type: 2}
      propertyPath: m_LocalScale.y
      value: 0.1
      objectReference: {fileID: 0}
    m_RemovedComponents: []
  m_SourcePrefab: {fileID: 100100000, guid: f5cd3f0f5ded53043aca200ef9a1e31a, type: 2}
  m_IsPrefabAsset: 0
--- !u!1 &1352047025
GameObject:
  m_ObjectHideFlags: 0
  m_CorrespondingSourceObject: {fileID: 0}
  m_PrefabInternal: {fileID: 0}
  serializedVersion: 6
  m_Component:
  - component: {fileID: 1352047027}
  - component: {fileID: 1352047026}
  m_Layer: 0
  m_Name: Runner (1)
  m_TagString: Untagged
  m_Icon: {fileID: 0}
  m_NavMeshLayer: 0
  m_StaticEditorFlags: 0
  m_IsActive: 1
--- !u!212 &1352047026
SpriteRenderer:
  m_ObjectHideFlags: 0
  m_CorrespondingSourceObject: {fileID: 0}
  m_PrefabInternal: {fileID: 0}
  m_GameObject: {fileID: 1352047025}
  m_Enabled: 1
  m_CastShadows: 0
  m_ReceiveShadows: 0
  m_DynamicOccludee: 1
  m_MotionVectors: 1
  m_LightProbeUsage: 1
  m_ReflectionProbeUsage: 1
  m_RenderingLayerMask: 4294967295
  m_Materials:
  - {fileID: 10754, guid: 0000000000000000f000000000000000, type: 0}
  m_StaticBatchInfo:
    firstSubMesh: 0
    subMeshCount: 0
  m_StaticBatchRoot: {fileID: 0}
  m_ProbeAnchor: {fileID: 0}
  m_LightProbeVolumeOverride: {fileID: 0}
  m_ScaleInLightmap: 1
  m_PreserveUVs: 0
  m_IgnoreNormalsForChartDetection: 0
  m_ImportantGI: 0
  m_StitchLightmapSeams: 0
  m_SelectedEditorRenderState: 0
  m_MinimumChartSize: 4
  m_AutoUVMaxDistance: 0.5
  m_AutoUVMaxAngle: 89
  m_LightmapParameters: {fileID: 0}
  m_SortingLayerID: 1704412191
  m_SortingLayer: -3
  m_SortingOrder: 0
  m_Sprite: {fileID: 21300000, guid: 4aa54159715d85143ac03ca95e359063, type: 3}
  m_Color: {r: 1, g: 1, b: 1, a: 1}
  m_FlipX: 0
  m_FlipY: 0
  m_DrawMode: 0
  m_Size: {x: 5.35, y: 2}
  m_AdaptiveModeThreshold: 0.5
  m_SpriteTileMode: 0
  m_WasSpriteAssigned: 1
  m_MaskInteraction: 0
  m_SpriteSortPoint: 0
--- !u!4 &1352047027
Transform:
  m_ObjectHideFlags: 0
  m_CorrespondingSourceObject: {fileID: 0}
  m_PrefabInternal: {fileID: 0}
  m_GameObject: {fileID: 1352047025}
  m_LocalRotation: {x: -0, y: -0, z: -0, w: 1}
  m_LocalPosition: {x: 1.336, y: -14.666001, z: 0}
  m_LocalScale: {x: 4.877393, y: 7.8014894, z: 1}
  m_Children: []
  m_Father: {fileID: 0}
  m_RootOrder: 5
  m_LocalEulerAnglesHint: {x: 0, y: 0, z: 0}
--- !u!1 &1356180155
GameObject:
  m_ObjectHideFlags: 0
  m_CorrespondingSourceObject: {fileID: 0}
  m_PrefabInternal: {fileID: 0}
  serializedVersion: 6
  m_Component:
  - component: {fileID: 1356180158}
  - component: {fileID: 1356180157}
  - component: {fileID: 1356180156}
  - component: {fileID: 1356180159}
  m_Layer: 0
  m_Name: Main Camera
  m_TagString: MainCamera
  m_Icon: {fileID: 0}
  m_NavMeshLayer: 0
  m_StaticEditorFlags: 0
  m_IsActive: 1
--- !u!81 &1356180156
AudioListener:
  m_ObjectHideFlags: 0
  m_CorrespondingSourceObject: {fileID: 0}
  m_PrefabInternal: {fileID: 0}
  m_GameObject: {fileID: 1356180155}
  m_Enabled: 1
--- !u!20 &1356180157
Camera:
  m_ObjectHideFlags: 0
  m_CorrespondingSourceObject: {fileID: 0}
  m_PrefabInternal: {fileID: 0}
  m_GameObject: {fileID: 1356180155}
  m_Enabled: 1
  serializedVersion: 2
  m_ClearFlags: 1
  m_BackGroundColor: {r: 0.19215687, g: 0.3019608, b: 0.4745098, a: 0}
  m_projectionMatrixMode: 1
  m_SensorSize: {x: 36, y: 24}
  m_LensShift: {x: 0, y: 0}
  m_FocalLength: 50
  m_NormalizedViewPortRect:
    serializedVersion: 2
    x: 0
    y: 0
    width: 1
    height: 1
  near clip plane: 0.3
  far clip plane: 1000
  field of view: 60
  orthographic: 1
  orthographic size: 5
  m_Depth: -1
  m_CullingMask:
    serializedVersion: 2
    m_Bits: 4294967295
  m_RenderingPath: -1
  m_TargetTexture: {fileID: 0}
  m_TargetDisplay: 0
  m_TargetEye: 3
  m_HDR: 1
  m_AllowMSAA: 1
  m_AllowDynamicResolution: 0
  m_ForceIntoRT: 0
  m_OcclusionCulling: 1
  m_StereoConvergence: 10
  m_StereoSeparation: 0.022
--- !u!4 &1356180158
Transform:
  m_ObjectHideFlags: 0
  m_CorrespondingSourceObject: {fileID: 0}
  m_PrefabInternal: {fileID: 0}
  m_GameObject: {fileID: 1356180155}
  m_LocalRotation: {x: 0, y: 0, z: 0, w: 1}
  m_LocalPosition: {x: 0, y: 0, z: -10}
  m_LocalScale: {x: 1, y: 1, z: 1}
  m_Children: []
  m_Father: {fileID: 0}
  m_RootOrder: 0
  m_LocalEulerAnglesHint: {x: 0, y: 0, z: 0}
--- !u!114 &1356180159
MonoBehaviour:
  m_ObjectHideFlags: 0
  m_CorrespondingSourceObject: {fileID: 0}
  m_PrefabInternal: {fileID: 0}
  m_GameObject: {fileID: 1356180155}
  m_Enabled: 1
  m_EditorHideFlags: 0
  m_Script: {fileID: 11500000, guid: f23d7a5023ac048589727b3171e8e07a, type: 3}
  m_Name: 
  m_EditorClassIdentifier: 
  player: {fileID: 451891790}
--- !u!1 &1370152778
GameObject:
  m_ObjectHideFlags: 0
  m_CorrespondingSourceObject: {fileID: 0}
  m_PrefabInternal: {fileID: 0}
  serializedVersion: 6
  m_Component:
  - component: {fileID: 1370152779}
  - component: {fileID: 1370152780}
  m_Layer: 0
  m_Name: 1404594863_preview_Enemy_MafiaMarked_1
  m_TagString: Untagged
  m_Icon: {fileID: 0}
  m_NavMeshLayer: 0
  m_StaticEditorFlags: 0
  m_IsActive: 1
--- !u!4 &1370152779
Transform:
  m_ObjectHideFlags: 0
  m_CorrespondingSourceObject: {fileID: 0}
  m_PrefabInternal: {fileID: 0}
  m_GameObject: {fileID: 1370152778}
  m_LocalRotation: {x: -0, y: -0, z: -0, w: 1}
  m_LocalPosition: {x: -0.059, y: 0.352, z: 0}
  m_LocalScale: {x: 1, y: 1, z: 1}
  m_Children: []
  m_Father: {fileID: 1267716016}
  m_RootOrder: 0
  m_LocalEulerAnglesHint: {x: 0, y: 0, z: 0}
--- !u!212 &1370152780
SpriteRenderer:
  m_ObjectHideFlags: 0
  m_CorrespondingSourceObject: {fileID: 0}
  m_PrefabInternal: {fileID: 0}
  m_GameObject: {fileID: 1370152778}
  m_Enabled: 1
  m_CastShadows: 0
  m_ReceiveShadows: 0
  m_DynamicOccludee: 1
  m_MotionVectors: 1
  m_LightProbeUsage: 1
  m_ReflectionProbeUsage: 1
  m_RenderingLayerMask: 4294967295
  m_Materials:
  - {fileID: 10754, guid: 0000000000000000f000000000000000, type: 0}
  m_StaticBatchInfo:
    firstSubMesh: 0
    subMeshCount: 0
  m_StaticBatchRoot: {fileID: 0}
  m_ProbeAnchor: {fileID: 0}
  m_LightProbeVolumeOverride: {fileID: 0}
  m_ScaleInLightmap: 1
  m_PreserveUVs: 0
  m_IgnoreNormalsForChartDetection: 0
  m_ImportantGI: 0
  m_StitchLightmapSeams: 0
  m_SelectedEditorRenderState: 0
  m_MinimumChartSize: 4
  m_AutoUVMaxDistance: 0.5
  m_AutoUVMaxAngle: 89
  m_LightmapParameters: {fileID: 0}
  m_SortingLayerID: -92418835
  m_SortingLayer: -1
  m_SortingOrder: 0
  m_Sprite: {fileID: 21300002, guid: 8d4246dc0317243fb9082edb85837f73, type: 3}
  m_Color: {r: 1, g: 1, b: 1, a: 1}
  m_FlipX: 0
  m_FlipY: 0
  m_DrawMode: 0
  m_Size: {x: 0.48, y: 0.23}
  m_AdaptiveModeThreshold: 0.5
  m_SpriteTileMode: 0
  m_WasSpriteAssigned: 1
  m_MaskInteraction: 0
  m_SpriteSortPoint: 0
--- !u!4 &1432962456 stripped
Transform:
  m_CorrespondingSourceObject: {fileID: 4208229251825846, guid: f9addaacec0b3584a88a2f4ea2d8a511,
    type: 2}
  m_PrefabInternal: {fileID: 1263186051}
--- !u!1001 &1441909893
Prefab:
  m_ObjectHideFlags: 0
  serializedVersion: 2
  m_Modification:
    m_TransformParent: {fileID: 900288967}
    m_Modifications:
    - target: {fileID: 4117899133713706, guid: d58112d35456b7b4caa0a2d80f5e2c26, type: 2}
      propertyPath: m_LocalPosition.x
      value: 2.4
      objectReference: {fileID: 0}
    - target: {fileID: 4117899133713706, guid: d58112d35456b7b4caa0a2d80f5e2c26, type: 2}
      propertyPath: m_LocalPosition.y
      value: 4
      objectReference: {fileID: 0}
    - target: {fileID: 4117899133713706, guid: d58112d35456b7b4caa0a2d80f5e2c26, type: 2}
      propertyPath: m_LocalPosition.z
      value: 0
      objectReference: {fileID: 0}
    - target: {fileID: 4117899133713706, guid: d58112d35456b7b4caa0a2d80f5e2c26, type: 2}
      propertyPath: m_LocalRotation.x
      value: -0
      objectReference: {fileID: 0}
    - target: {fileID: 4117899133713706, guid: d58112d35456b7b4caa0a2d80f5e2c26, type: 2}
      propertyPath: m_LocalRotation.y
      value: -0
      objectReference: {fileID: 0}
    - target: {fileID: 4117899133713706, guid: d58112d35456b7b4caa0a2d80f5e2c26, type: 2}
      propertyPath: m_LocalRotation.z
      value: -0
      objectReference: {fileID: 0}
    - target: {fileID: 4117899133713706, guid: d58112d35456b7b4caa0a2d80f5e2c26, type: 2}
      propertyPath: m_LocalRotation.w
      value: 1
      objectReference: {fileID: 0}
    - target: {fileID: 4117899133713706, guid: d58112d35456b7b4caa0a2d80f5e2c26, type: 2}
      propertyPath: m_RootOrder
      value: 0
      objectReference: {fileID: 0}
    - target: {fileID: 4117899133713706, guid: d58112d35456b7b4caa0a2d80f5e2c26, type: 2}
      propertyPath: m_LocalScale.x
      value: 0.1
      objectReference: {fileID: 0}
    - target: {fileID: 4117899133713706, guid: d58112d35456b7b4caa0a2d80f5e2c26, type: 2}
      propertyPath: m_LocalScale.y
      value: 0.1
      objectReference: {fileID: 0}
    m_RemovedComponents: []
  m_SourcePrefab: {fileID: 100100000, guid: d58112d35456b7b4caa0a2d80f5e2c26, type: 2}
  m_IsPrefabAsset: 0
--- !u!1001 &1490227757
Prefab:
  m_ObjectHideFlags: 0
  serializedVersion: 2
  m_Modification:
    m_TransformParent: {fileID: 0}
    m_Modifications:
    - target: {fileID: 4087683811730526, guid: c88eb265a9a627348ab43210726d4a32, type: 2}
      propertyPath: m_LocalPosition.x
      value: 0.986
      objectReference: {fileID: 0}
    - target: {fileID: 4087683811730526, guid: c88eb265a9a627348ab43210726d4a32, type: 2}
      propertyPath: m_LocalPosition.y
      value: -0.0938
      objectReference: {fileID: 0}
    - target: {fileID: 4087683811730526, guid: c88eb265a9a627348ab43210726d4a32, type: 2}
      propertyPath: m_LocalPosition.z
      value: -0.06210419
      objectReference: {fileID: 0}
    - target: {fileID: 4087683811730526, guid: c88eb265a9a627348ab43210726d4a32, type: 2}
      propertyPath: m_LocalRotation.x
      value: 0
      objectReference: {fileID: 0}
    - target: {fileID: 4087683811730526, guid: c88eb265a9a627348ab43210726d4a32, type: 2}
      propertyPath: m_LocalRotation.y
      value: 0
      objectReference: {fileID: 0}
    - target: {fileID: 4087683811730526, guid: c88eb265a9a627348ab43210726d4a32, type: 2}
      propertyPath: m_LocalRotation.z
      value: 0
      objectReference: {fileID: 0}
    - target: {fileID: 4087683811730526, guid: c88eb265a9a627348ab43210726d4a32, type: 2}
      propertyPath: m_LocalRotation.w
      value: 1
      objectReference: {fileID: 0}
    - target: {fileID: 4087683811730526, guid: c88eb265a9a627348ab43210726d4a32, type: 2}
      propertyPath: m_RootOrder
      value: 1
      objectReference: {fileID: 0}
    m_RemovedComponents: []
  m_SourcePrefab: {fileID: 100100000, guid: c88eb265a9a627348ab43210726d4a32, type: 2}
  m_IsPrefabAsset: 0
--- !u!4 &1511488404 stripped
Transform:
  m_CorrespondingSourceObject: {fileID: 4861486828684562, guid: 390d9dee3b343664abc59167fce4799d,
    type: 2}
  m_PrefabInternal: {fileID: 2140931037}
--- !u!1001 &1532189190
Prefab:
  m_ObjectHideFlags: 0
  serializedVersion: 2
  m_Modification:
    m_TransformParent: {fileID: 900288967}
    m_Modifications:
    - target: {fileID: 4861486828684562, guid: 390d9dee3b343664abc59167fce4799d, type: 2}
      propertyPath: m_LocalPosition.x
      value: 2.522
      objectReference: {fileID: 0}
    - target: {fileID: 4861486828684562, guid: 390d9dee3b343664abc59167fce4799d, type: 2}
      propertyPath: m_LocalPosition.y
      value: 2.9405
      objectReference: {fileID: 0}
    - target: {fileID: 4861486828684562, guid: 390d9dee3b343664abc59167fce4799d, type: 2}
      propertyPath: m_LocalPosition.z
      value: 0
      objectReference: {fileID: 0}
    - target: {fileID: 4861486828684562, guid: 390d9dee3b343664abc59167fce4799d, type: 2}
      propertyPath: m_LocalRotation.x
      value: -0
      objectReference: {fileID: 0}
    - target: {fileID: 4861486828684562, guid: 390d9dee3b343664abc59167fce4799d, type: 2}
      propertyPath: m_LocalRotation.y
      value: -0
      objectReference: {fileID: 0}
    - target: {fileID: 4861486828684562, guid: 390d9dee3b343664abc59167fce4799d, type: 2}
      propertyPath: m_LocalRotation.z
      value: -0
      objectReference: {fileID: 0}
    - target: {fileID: 4861486828684562, guid: 390d9dee3b343664abc59167fce4799d, type: 2}
      propertyPath: m_LocalRotation.w
      value: 1
      objectReference: {fileID: 0}
    - target: {fileID: 4861486828684562, guid: 390d9dee3b343664abc59167fce4799d, type: 2}
      propertyPath: m_RootOrder
      value: 4
      objectReference: {fileID: 0}
    - target: {fileID: 1893053488809796, guid: 390d9dee3b343664abc59167fce4799d, type: 2}
      propertyPath: m_Name
      value: right (2)
      objectReference: {fileID: 0}
    - target: {fileID: 4861486828684562, guid: 390d9dee3b343664abc59167fce4799d, type: 2}
      propertyPath: m_LocalScale.x
      value: 0.1
      objectReference: {fileID: 0}
    - target: {fileID: 4861486828684562, guid: 390d9dee3b343664abc59167fce4799d, type: 2}
      propertyPath: m_LocalScale.y
      value: 0.1
      objectReference: {fileID: 0}
    m_RemovedComponents: []
  m_SourcePrefab: {fileID: 100100000, guid: 390d9dee3b343664abc59167fce4799d, type: 2}
  m_IsPrefabAsset: 0
--- !u!1001 &1588367667
Prefab:
  m_ObjectHideFlags: 0
  serializedVersion: 2
  m_Modification:
    m_TransformParent: {fileID: 900288967}
    m_Modifications:
    - target: {fileID: 4861486828684562, guid: 390d9dee3b343664abc59167fce4799d, type: 2}
      propertyPath: m_LocalPosition.x
      value: 2.522
      objectReference: {fileID: 0}
    - target: {fileID: 4861486828684562, guid: 390d9dee3b343664abc59167fce4799d, type: 2}
      propertyPath: m_LocalPosition.y
      value: 1.5285001
      objectReference: {fileID: 0}
    - target: {fileID: 4861486828684562, guid: 390d9dee3b343664abc59167fce4799d, type: 2}
      propertyPath: m_LocalPosition.z
      value: 0
      objectReference: {fileID: 0}
    - target: {fileID: 4861486828684562, guid: 390d9dee3b343664abc59167fce4799d, type: 2}
      propertyPath: m_LocalRotation.x
      value: -0
      objectReference: {fileID: 0}
    - target: {fileID: 4861486828684562, guid: 390d9dee3b343664abc59167fce4799d, type: 2}
      propertyPath: m_LocalRotation.y
      value: -0
      objectReference: {fileID: 0}
    - target: {fileID: 4861486828684562, guid: 390d9dee3b343664abc59167fce4799d, type: 2}
      propertyPath: m_LocalRotation.z
      value: -0
      objectReference: {fileID: 0}
    - target: {fileID: 4861486828684562, guid: 390d9dee3b343664abc59167fce4799d, type: 2}
      propertyPath: m_LocalRotation.w
      value: 1
      objectReference: {fileID: 0}
    - target: {fileID: 4861486828684562, guid: 390d9dee3b343664abc59167fce4799d, type: 2}
      propertyPath: m_RootOrder
      value: 8
      objectReference: {fileID: 0}
    - target: {fileID: 1893053488809796, guid: 390d9dee3b343664abc59167fce4799d, type: 2}
      propertyPath: m_Name
      value: right (6)
      objectReference: {fileID: 0}
    - target: {fileID: 4861486828684562, guid: 390d9dee3b343664abc59167fce4799d, type: 2}
      propertyPath: m_LocalScale.x
      value: 0.1
      objectReference: {fileID: 0}
    - target: {fileID: 4861486828684562, guid: 390d9dee3b343664abc59167fce4799d, type: 2}
      propertyPath: m_LocalScale.y
      value: 0.1
      objectReference: {fileID: 0}
    m_RemovedComponents: []
  m_SourcePrefab: {fileID: 100100000, guid: 390d9dee3b343664abc59167fce4799d, type: 2}
  m_IsPrefabAsset: 0
--- !u!1001 &1640786437
Prefab:
  m_ObjectHideFlags: 0
  serializedVersion: 2
  m_Modification:
    m_TransformParent: {fileID: 900288967}
    m_Modifications:
    - target: {fileID: 4861486828684562, guid: 390d9dee3b343664abc59167fce4799d, type: 2}
      propertyPath: m_LocalPosition.x
      value: 2.522
      objectReference: {fileID: 0}
    - target: {fileID: 4861486828684562, guid: 390d9dee3b343664abc59167fce4799d, type: 2}
      propertyPath: m_LocalPosition.y
      value: 2.5875
      objectReference: {fileID: 0}
    - target: {fileID: 4861486828684562, guid: 390d9dee3b343664abc59167fce4799d, type: 2}
      propertyPath: m_LocalPosition.z
      value: 0
      objectReference: {fileID: 0}
    - target: {fileID: 4861486828684562, guid: 390d9dee3b343664abc59167fce4799d, type: 2}
      propertyPath: m_LocalRotation.x
      value: -0
      objectReference: {fileID: 0}
    - target: {fileID: 4861486828684562, guid: 390d9dee3b343664abc59167fce4799d, type: 2}
      propertyPath: m_LocalRotation.y
      value: -0
      objectReference: {fileID: 0}
    - target: {fileID: 4861486828684562, guid: 390d9dee3b343664abc59167fce4799d, type: 2}
      propertyPath: m_LocalRotation.z
      value: -0
      objectReference: {fileID: 0}
    - target: {fileID: 4861486828684562, guid: 390d9dee3b343664abc59167fce4799d, type: 2}
      propertyPath: m_LocalRotation.w
      value: 1
      objectReference: {fileID: 0}
    - target: {fileID: 4861486828684562, guid: 390d9dee3b343664abc59167fce4799d, type: 2}
      propertyPath: m_RootOrder
      value: 5
      objectReference: {fileID: 0}
    - target: {fileID: 1893053488809796, guid: 390d9dee3b343664abc59167fce4799d, type: 2}
      propertyPath: m_Name
      value: right (3)
      objectReference: {fileID: 0}
    - target: {fileID: 4861486828684562, guid: 390d9dee3b343664abc59167fce4799d, type: 2}
      propertyPath: m_LocalScale.x
      value: 0.1
      objectReference: {fileID: 0}
    - target: {fileID: 4861486828684562, guid: 390d9dee3b343664abc59167fce4799d, type: 2}
      propertyPath: m_LocalScale.y
      value: 0.1
      objectReference: {fileID: 0}
    m_RemovedComponents: []
  m_SourcePrefab: {fileID: 100100000, guid: 390d9dee3b343664abc59167fce4799d, type: 2}
  m_IsPrefabAsset: 0
--- !u!4 &1653202546 stripped
Transform:
  m_CorrespondingSourceObject: {fileID: 4660952558465854, guid: 141eb799eda67264a87ad7d9c4bd43d1,
    type: 2}
  m_PrefabInternal: {fileID: 347289471}
--- !u!4 &1676034341 stripped
Transform:
  m_CorrespondingSourceObject: {fileID: 4979694468883500, guid: 902d36ae52301b6418bbc1b51d07f937,
    type: 2}
  m_PrefabInternal: {fileID: 433185232}
--- !u!1001 &1911897413
Prefab:
  m_ObjectHideFlags: 0
  serializedVersion: 2
  m_Modification:
    m_TransformParent: {fileID: 900288967}
    m_Modifications:
    - target: {fileID: 4683970305604160, guid: be332e7955b311044a088837bfc64b6e, type: 2}
      propertyPath: m_LocalPosition.x
      value: -0.44285163
      objectReference: {fileID: 0}
    - target: {fileID: 4683970305604160, guid: be332e7955b311044a088837bfc64b6e, type: 2}
      propertyPath: m_LocalPosition.y
      value: 3.6983452
      objectReference: {fileID: 0}
    - target: {fileID: 4683970305604160, guid: be332e7955b311044a088837bfc64b6e, type: 2}
      propertyPath: m_LocalPosition.z
      value: 0
      objectReference: {fileID: 0}
    - target: {fileID: 4683970305604160, guid: be332e7955b311044a088837bfc64b6e, type: 2}
      propertyPath: m_LocalRotation.x
      value: -0
      objectReference: {fileID: 0}
    - target: {fileID: 4683970305604160, guid: be332e7955b311044a088837bfc64b6e, type: 2}
      propertyPath: m_LocalRotation.y
      value: -0
      objectReference: {fileID: 0}
    - target: {fileID: 4683970305604160, guid: be332e7955b311044a088837bfc64b6e, type: 2}
      propertyPath: m_LocalRotation.z
      value: -0
      objectReference: {fileID: 0}
    - target: {fileID: 4683970305604160, guid: be332e7955b311044a088837bfc64b6e, type: 2}
      propertyPath: m_LocalRotation.w
      value: 1
      objectReference: {fileID: 0}
    - target: {fileID: 4683970305604160, guid: be332e7955b311044a088837bfc64b6e, type: 2}
      propertyPath: m_RootOrder
      value: 13
      objectReference: {fileID: 0}
    - target: {fileID: 4683970305604160, guid: be332e7955b311044a088837bfc64b6e, type: 2}
      propertyPath: m_LocalScale.x
      value: 0.1
      objectReference: {fileID: 0}
    - target: {fileID: 4683970305604160, guid: be332e7955b311044a088837bfc64b6e, type: 2}
      propertyPath: m_LocalScale.y
      value: 0.1
      objectReference: {fileID: 0}
    m_RemovedComponents: []
  m_SourcePrefab: {fileID: 100100000, guid: be332e7955b311044a088837bfc64b6e, type: 2}
  m_IsPrefabAsset: 0
--- !u!1 &1922977081
GameObject:
  m_ObjectHideFlags: 0
  m_CorrespondingSourceObject: {fileID: 0}
  m_PrefabInternal: {fileID: 0}
  serializedVersion: 6
  m_Component:
  - component: {fileID: 1922977083}
  - component: {fileID: 1922977082}
  m_Layer: 0
  m_Name: Runner
  m_TagString: Untagged
  m_Icon: {fileID: 0}
  m_NavMeshLayer: 0
  m_StaticEditorFlags: 0
  m_IsActive: 1
--- !u!212 &1922977082
SpriteRenderer:
  m_ObjectHideFlags: 0
  m_CorrespondingSourceObject: {fileID: 0}
  m_PrefabInternal: {fileID: 0}
  m_GameObject: {fileID: 1922977081}
  m_Enabled: 1
  m_CastShadows: 0
  m_ReceiveShadows: 0
  m_DynamicOccludee: 1
  m_MotionVectors: 1
  m_LightProbeUsage: 1
  m_ReflectionProbeUsage: 1
  m_RenderingLayerMask: 4294967295
  m_Materials:
  - {fileID: 10754, guid: 0000000000000000f000000000000000, type: 0}
  m_StaticBatchInfo:
    firstSubMesh: 0
    subMeshCount: 0
  m_StaticBatchRoot: {fileID: 0}
  m_ProbeAnchor: {fileID: 0}
  m_LightProbeVolumeOverride: {fileID: 0}
  m_ScaleInLightmap: 1
  m_PreserveUVs: 0
  m_IgnoreNormalsForChartDetection: 0
  m_ImportantGI: 0
  m_StitchLightmapSeams: 0
  m_SelectedEditorRenderState: 0
  m_MinimumChartSize: 4
  m_AutoUVMaxDistance: 0.5
  m_AutoUVMaxAngle: 89
  m_LightmapParameters: {fileID: 0}
  m_SortingLayerID: 1704412191
  m_SortingLayer: -3
  m_SortingOrder: 0
  m_Sprite: {fileID: 21300000, guid: 4aa54159715d85143ac03ca95e359063, type: 3}
  m_Color: {r: 1, g: 1, b: 1, a: 1}
  m_FlipX: 0
  m_FlipY: 0
  m_DrawMode: 0
  m_Size: {x: 5.35, y: 2}
  m_AdaptiveModeThreshold: 0.5
  m_SpriteTileMode: 0
  m_WasSpriteAssigned: 1
  m_MaskInteraction: 0
  m_SpriteSortPoint: 0
--- !u!4 &1922977083
Transform:
  m_ObjectHideFlags: 0
  m_CorrespondingSourceObject: {fileID: 0}
  m_PrefabInternal: {fileID: 0}
  m_GameObject: {fileID: 1922977081}
  m_LocalRotation: {x: -0, y: -0, z: -0, w: 1}
  m_LocalPosition: {x: 1.33, y: -1.369, z: 0}
  m_LocalScale: {x: 4.848532, y: 5.6389675, z: 1}
  m_Children: []
  m_Father: {fileID: 0}
  m_RootOrder: 4
  m_LocalEulerAnglesHint: {x: 0, y: 0, z: 0}
--- !u!4 &1997791018 stripped
Transform:
  m_CorrespondingSourceObject: {fileID: 4374440354164500, guid: b29e30eeb643fa944829aff476ee3299,
    type: 2}
  m_PrefabInternal: {fileID: 1062998180}
--- !u!4 &2099810401 stripped
Transform:
  m_CorrespondingSourceObject: {fileID: 4861486828684562, guid: 390d9dee3b343664abc59167fce4799d,
    type: 2}
  m_PrefabInternal: {fileID: 1588367667}
--- !u!1001 &2140931037
Prefab:
  m_ObjectHideFlags: 0
  serializedVersion: 2
  m_Modification:
    m_TransformParent: {fileID: 900288967}
    m_Modifications:
    - target: {fileID: 4861486828684562, guid: 390d9dee3b343664abc59167fce4799d, type: 2}
      propertyPath: m_LocalPosition.x
      value: 2.522
      objectReference: {fileID: 0}
    - target: {fileID: 4861486828684562, guid: 390d9dee3b343664abc59167fce4799d, type: 2}
      propertyPath: m_LocalPosition.y
      value: 3.21
      objectReference: {fileID: 0}
    - target: {fileID: 4861486828684562, guid: 390d9dee3b343664abc59167fce4799d, type: 2}
      propertyPath: m_LocalPosition.z
      value: 0
      objectReference: {fileID: 0}
    - target: {fileID: 4861486828684562, guid: 390d9dee3b343664abc59167fce4799d, type: 2}
      propertyPath: m_LocalRotation.x
      value: -0
      objectReference: {fileID: 0}
    - target: {fileID: 4861486828684562, guid: 390d9dee3b343664abc59167fce4799d, type: 2}
      propertyPath: m_LocalRotation.y
      value: -0
      objectReference: {fileID: 0}
    - target: {fileID: 4861486828684562, guid: 390d9dee3b343664abc59167fce4799d, type: 2}
      propertyPath: m_LocalRotation.z
      value: -0
      objectReference: {fileID: 0}
    - target: {fileID: 4861486828684562, guid: 390d9dee3b343664abc59167fce4799d, type: 2}
      propertyPath: m_LocalRotation.w
      value: 1
      objectReference: {fileID: 0}
    - target: {fileID: 4861486828684562, guid: 390d9dee3b343664abc59167fce4799d, type: 2}
      propertyPath: m_RootOrder
      value: 6
      objectReference: {fileID: 0}
    - target: {fileID: 1893053488809796, guid: 390d9dee3b343664abc59167fce4799d, type: 2}
      propertyPath: m_Name
      value: right (4)
      objectReference: {fileID: 0}
    - target: {fileID: 4861486828684562, guid: 390d9dee3b343664abc59167fce4799d, type: 2}
      propertyPath: m_LocalScale.x
      value: 0.1
      objectReference: {fileID: 0}
    - target: {fileID: 4861486828684562, guid: 390d9dee3b343664abc59167fce4799d, type: 2}
      propertyPath: m_LocalScale.y
      value: 0.1
      objectReference: {fileID: 0}
    m_RemovedComponents: []
  m_SourcePrefab: {fileID: 100100000, guid: 390d9dee3b343664abc59167fce4799d, type: 2}
  m_IsPrefabAsset: 0
