%YAML 1.1
%TAG !u! tag:unity3d.com,2011:
--- !u!29 &1
OcclusionCullingSettings:
  m_ObjectHideFlags: 0
  serializedVersion: 2
  m_OcclusionBakeSettings:
    smallestOccluder: 5
    smallestHole: 0.25
    backfaceThreshold: 100
  m_SceneGUID: 00000000000000000000000000000000
  m_OcclusionCullingData: {fileID: 0}
--- !u!104 &2
RenderSettings:
  m_ObjectHideFlags: 0
  serializedVersion: 9
  m_Fog: 0
  m_FogColor: {r: 0.5, g: 0.5, b: 0.5, a: 1}
  m_FogMode: 3
  m_FogDensity: 0.01
  m_LinearFogStart: 0
  m_LinearFogEnd: 300
  m_AmbientSkyColor: {r: 0.212, g: 0.227, b: 0.259, a: 1}
  m_AmbientEquatorColor: {r: 0.114, g: 0.125, b: 0.133, a: 1}
  m_AmbientGroundColor: {r: 0.047, g: 0.043, b: 0.035, a: 1}
  m_AmbientIntensity: 1
  m_AmbientMode: 3
  m_SubtractiveShadowColor: {r: 0.42, g: 0.478, b: 0.627, a: 1}
  m_SkyboxMaterial: {fileID: 0}
  m_HaloStrength: 0.5
  m_FlareStrength: 1
  m_FlareFadeSpeed: 3
  m_HaloTexture: {fileID: 0}
  m_SpotCookie: {fileID: 10001, guid: 0000000000000000e000000000000000, type: 0}
  m_DefaultReflectionMode: 0
  m_DefaultReflectionResolution: 128
  m_ReflectionBounces: 1
  m_ReflectionIntensity: 1
  m_CustomReflection: {fileID: 0}
  m_Sun: {fileID: 0}
  m_IndirectSpecularColor: {r: 0, g: 0, b: 0, a: 1}
  m_UseRadianceAmbientProbe: 0
--- !u!157 &3
LightmapSettings:
  m_ObjectHideFlags: 0
  serializedVersion: 11
  m_GIWorkflowMode: 1
  m_GISettings:
    serializedVersion: 2
    m_BounceScale: 1
    m_IndirectOutputScale: 1
    m_AlbedoBoost: 1
    m_TemporalCoherenceThreshold: 1
    m_EnvironmentLightingMode: 0
    m_EnableBakedLightmaps: 0
    m_EnableRealtimeLightmaps: 0
  m_LightmapEditorSettings:
    serializedVersion: 10
    m_Resolution: 2
    m_BakeResolution: 40
    m_AtlasSize: 1024
    m_AO: 0
    m_AOMaxDistance: 1
    m_CompAOExponent: 1
    m_CompAOExponentDirect: 0
    m_Padding: 2
    m_LightmapParameters: {fileID: 0}
    m_LightmapsBakeMode: 1
    m_TextureCompression: 1
    m_FinalGather: 0
    m_FinalGatherFiltering: 1
    m_FinalGatherRayCount: 256
    m_ReflectionCompression: 2
    m_MixedBakeMode: 2
    m_BakeBackend: 1
    m_PVRSampling: 1
    m_PVRDirectSampleCount: 32
    m_PVRSampleCount: 500
    m_PVRBounces: 2
    m_PVRFilterTypeDirect: 0
    m_PVRFilterTypeIndirect: 0
    m_PVRFilterTypeAO: 0
    m_PVRFilteringMode: 1
    m_PVRCulling: 1
    m_PVRFilteringGaussRadiusDirect: 1
    m_PVRFilteringGaussRadiusIndirect: 5
    m_PVRFilteringGaussRadiusAO: 2
    m_PVRFilteringAtrousPositionSigmaDirect: 0.5
    m_PVRFilteringAtrousPositionSigmaIndirect: 2
    m_PVRFilteringAtrousPositionSigmaAO: 1
    m_ShowResolutionOverlay: 1
  m_LightingDataAsset: {fileID: 0}
  m_UseShadowmask: 1
--- !u!196 &4
NavMeshSettings:
  serializedVersion: 2
  m_ObjectHideFlags: 0
  m_BuildSettings:
    serializedVersion: 2
    agentTypeID: 0
    agentRadius: 0.5
    agentHeight: 2
    agentSlope: 45
    agentClimb: 0.4
    ledgeDropHeight: 0
    maxJumpAcrossDistance: 0
    minRegionArea: 2
    manualCellSize: 0
    cellSize: 0.16666667
    manualTileSize: 0
    tileSize: 256
    accuratePlacement: 0
    debug:
      m_Flags: 0
  m_NavMeshData: {fileID: 0}
--- !u!1 &21133292
GameObject:
  m_ObjectHideFlags: 0
  m_CorrespondingSourceObject: {fileID: 0}
  m_PrefabInternal: {fileID: 0}
  serializedVersion: 6
  m_Component:
  - component: {fileID: 21133293}
  - component: {fileID: 21133296}
  - component: {fileID: 21133295}
  - component: {fileID: 21133294}
  m_Layer: 5
  m_Name: Canvas
  m_TagString: Untagged
  m_Icon: {fileID: 0}
  m_NavMeshLayer: 0
  m_StaticEditorFlags: 0
  m_IsActive: 1
--- !u!224 &21133293
RectTransform:
  m_ObjectHideFlags: 0
  m_CorrespondingSourceObject: {fileID: 0}
  m_PrefabInternal: {fileID: 0}
  m_GameObject: {fileID: 21133292}
  m_LocalRotation: {x: 0, y: 0, z: 0, w: 1}
  m_LocalPosition: {x: 0, y: 0, z: 0}
  m_LocalScale: {x: 0, y: 0, z: 0}
  m_Children:
  - {fileID: 735986393}
  m_Father: {fileID: 2095665341}
  m_RootOrder: 0
  m_LocalEulerAnglesHint: {x: 0, y: 0, z: 0}
  m_AnchorMin: {x: 0, y: 0}
  m_AnchorMax: {x: 0, y: 0}
  m_AnchoredPosition: {x: 0, y: 0}
  m_SizeDelta: {x: 0, y: 0}
  m_Pivot: {x: 0, y: 0}
--- !u!114 &21133294
MonoBehaviour:
  m_ObjectHideFlags: 0
  m_CorrespondingSourceObject: {fileID: 0}
  m_PrefabInternal: {fileID: 0}
  m_GameObject: {fileID: 21133292}
  m_Enabled: 1
  m_EditorHideFlags: 0
  m_Script: {fileID: 1301386320, guid: f70555f144d8491a825f0804e09c671c, type: 3}
  m_Name: 
  m_EditorClassIdentifier: 
  m_IgnoreReversedGraphics: 1
  m_BlockingObjects: 0
  m_BlockingMask:
    serializedVersion: 2
    m_Bits: 4294967295
--- !u!114 &21133295
MonoBehaviour:
  m_ObjectHideFlags: 0
  m_CorrespondingSourceObject: {fileID: 0}
  m_PrefabInternal: {fileID: 0}
  m_GameObject: {fileID: 21133292}
  m_Enabled: 1
  m_EditorHideFlags: 0
  m_Script: {fileID: 1980459831, guid: f70555f144d8491a825f0804e09c671c, type: 3}
  m_Name: 
  m_EditorClassIdentifier: 
  m_UiScaleMode: 0
  m_ReferencePixelsPerUnit: 150
  m_ScaleFactor: 1
  m_ReferenceResolution: {x: 800, y: 600}
  m_ScreenMatchMode: 0
  m_MatchWidthOrHeight: 0
  m_PhysicalUnit: 3
  m_FallbackScreenDPI: 96
  m_DefaultSpriteDPI: 96
  m_DynamicPixelsPerUnit: 1
--- !u!223 &21133296
Canvas:
  m_ObjectHideFlags: 0
  m_CorrespondingSourceObject: {fileID: 0}
  m_PrefabInternal: {fileID: 0}
  m_GameObject: {fileID: 21133292}
  m_Enabled: 1
  serializedVersion: 3
  m_RenderMode: 0
  m_Camera: {fileID: 0}
  m_PlaneDistance: 100
  m_PixelPerfect: 0
  m_ReceivesEvents: 1
  m_OverrideSorting: 0
  m_OverridePixelPerfect: 0
  m_SortingBucketNormalizedSize: 0
  m_AdditionalShaderChannelsFlag: 0
  m_SortingLayerID: 0
  m_SortingOrder: 0
  m_TargetDisplay: 0
--- !u!1 &178108730
GameObject:
  m_ObjectHideFlags: 0
  m_CorrespondingSourceObject: {fileID: 0}
  m_PrefabInternal: {fileID: 0}
  serializedVersion: 6
  m_Component:
  - component: {fileID: 178108732}
  - component: {fileID: 178108731}
  m_Layer: 0
  m_Name: Runner
  m_TagString: Untagged
  m_Icon: {fileID: 0}
  m_NavMeshLayer: 0
  m_StaticEditorFlags: 0
  m_IsActive: 1
--- !u!212 &178108731
SpriteRenderer:
  m_ObjectHideFlags: 0
  m_CorrespondingSourceObject: {fileID: 0}
  m_PrefabInternal: {fileID: 0}
  m_GameObject: {fileID: 178108730}
  m_Enabled: 1
  m_CastShadows: 0
  m_ReceiveShadows: 0
  m_DynamicOccludee: 1
  m_MotionVectors: 1
  m_LightProbeUsage: 1
  m_ReflectionProbeUsage: 1
  m_RenderingLayerMask: 4294967295
  m_Materials:
  - {fileID: 10754, guid: 0000000000000000f000000000000000, type: 0}
  m_StaticBatchInfo:
    firstSubMesh: 0
    subMeshCount: 0
  m_StaticBatchRoot: {fileID: 0}
  m_ProbeAnchor: {fileID: 0}
  m_LightProbeVolumeOverride: {fileID: 0}
  m_ScaleInLightmap: 1
  m_PreserveUVs: 0
  m_IgnoreNormalsForChartDetection: 0
  m_ImportantGI: 0
  m_StitchLightmapSeams: 0
  m_SelectedEditorRenderState: 0
  m_MinimumChartSize: 4
  m_AutoUVMaxDistance: 0.5
  m_AutoUVMaxAngle: 89
  m_LightmapParameters: {fileID: 0}
  m_SortingLayerID: 1704412191
  m_SortingLayer: -3
  m_SortingOrder: 0
  m_Sprite: {fileID: 21300000, guid: 4aa54159715d85143ac03ca95e359063, type: 3}
  m_Color: {r: 1, g: 1, b: 1, a: 1}
  m_FlipX: 0
  m_FlipY: 0
  m_DrawMode: 0
  m_Size: {x: 5.35, y: 2}
  m_AdaptiveModeThreshold: 0.5
  m_SpriteTileMode: 0
  m_WasSpriteAssigned: 1
  m_MaskInteraction: 0
  m_SpriteSortPoint: 0
--- !u!4 &178108732
Transform:
  m_ObjectHideFlags: 0
  m_CorrespondingSourceObject: {fileID: 0}
  m_PrefabInternal: {fileID: 0}
  m_GameObject: {fileID: 178108730}
  m_LocalRotation: {x: -0, y: -0, z: -0, w: 1}
  m_LocalPosition: {x: 0.2120888, y: 0.1021289, z: 0}
  m_LocalScale: {x: 6.146141, y: 11.017393, z: 1}
  m_Children: []
  m_Father: {fileID: 1782419316}
  m_RootOrder: 0
  m_LocalEulerAnglesHint: {x: 0, y: 0, z: 0}
--- !u!1001 &191674023
Prefab:
  m_ObjectHideFlags: 0
  serializedVersion: 2
  m_Modification:
    m_TransformParent: {fileID: 0}
    m_Modifications:
    - target: {fileID: 4777976878528740, guid: 70476a849e0e6d24187c27d60dc09939, type: 2}
      propertyPath: m_LocalPosition.x
      value: -11.05
      objectReference: {fileID: 0}
    - target: {fileID: 4777976878528740, guid: 70476a849e0e6d24187c27d60dc09939, type: 2}
      propertyPath: m_LocalPosition.y
      value: 4.28
      objectReference: {fileID: 0}
    - target: {fileID: 4777976878528740, guid: 70476a849e0e6d24187c27d60dc09939, type: 2}
      propertyPath: m_LocalPosition.z
      value: 0
      objectReference: {fileID: 0}
    - target: {fileID: 4777976878528740, guid: 70476a849e0e6d24187c27d60dc09939, type: 2}
      propertyPath: m_LocalRotation.x
      value: 0
      objectReference: {fileID: 0}
    - target: {fileID: 4777976878528740, guid: 70476a849e0e6d24187c27d60dc09939, type: 2}
      propertyPath: m_LocalRotation.y
      value: 0
      objectReference: {fileID: 0}
    - target: {fileID: 4777976878528740, guid: 70476a849e0e6d24187c27d60dc09939, type: 2}
      propertyPath: m_LocalRotation.z
      value: 0
      objectReference: {fileID: 0}
    - target: {fileID: 4777976878528740, guid: 70476a849e0e6d24187c27d60dc09939, type: 2}
      propertyPath: m_LocalRotation.w
      value: 1
      objectReference: {fileID: 0}
    - target: {fileID: 4777976878528740, guid: 70476a849e0e6d24187c27d60dc09939, type: 2}
      propertyPath: m_RootOrder
      value: 12
      objectReference: {fileID: 0}
    - target: {fileID: 1775547534266310, guid: 70476a849e0e6d24187c27d60dc09939, type: 2}
      propertyPath: m_Name
      value: enemy (2)
      objectReference: {fileID: 0}
    - target: {fileID: 114940331630043286, guid: 70476a849e0e6d24187c27d60dc09939,
        type: 2}
      propertyPath: puntaje
      value: 
      objectReference: {fileID: 0}
    - target: {fileID: 95509647392914916, guid: 70476a849e0e6d24187c27d60dc09939,
        type: 2}
      propertyPath: m_Controller
      value: 
      objectReference: {fileID: 9100000, guid: 00fb16b1bcda5b043a2e2701e3c80a40, type: 2}
    - target: {fileID: 114940331630043286, guid: 70476a849e0e6d24187c27d60dc09939,
        type: 2}
      propertyPath: leader
      value: 
      objectReference: {fileID: 249381358}
    - target: {fileID: 4861880699925996, guid: 70476a849e0e6d24187c27d60dc09939, type: 2}
      propertyPath: m_LocalPosition.x
      value: 0.31
      objectReference: {fileID: 0}
    - target: {fileID: 114940331630043286, guid: 70476a849e0e6d24187c27d60dc09939,
        type: 2}
      propertyPath: leaderName
      value: enemy
      objectReference: {fileID: 0}
    - target: {fileID: 114940331630043286, guid: 70476a849e0e6d24187c27d60dc09939,
        type: 2}
      propertyPath: shoot
      value: 1
      objectReference: {fileID: 0}
    m_RemovedComponents: []
  m_SourcePrefab: {fileID: 100100000, guid: 70476a849e0e6d24187c27d60dc09939, type: 2}
  m_IsPrefabAsset: 0
--- !u!50 &249381358 stripped
Rigidbody2D:
  m_CorrespondingSourceObject: {fileID: 50321357495882076, guid: 70476a849e0e6d24187c27d60dc09939,
    type: 2}
  m_PrefabInternal: {fileID: 2130700810}
--- !u!1 &271959443
GameObject:
  m_ObjectHideFlags: 0
  m_CorrespondingSourceObject: {fileID: 0}
  m_PrefabInternal: {fileID: 0}
  serializedVersion: 6
  m_Component:
  - component: {fileID: 271959444}
  m_Layer: 0
  m_Name: Cesped
  m_TagString: Untagged
  m_Icon: {fileID: 0}
  m_NavMeshLayer: 0
  m_StaticEditorFlags: 0
  m_IsActive: 1
--- !u!4 &271959444
Transform:
  m_ObjectHideFlags: 0
  m_CorrespondingSourceObject: {fileID: 0}
  m_PrefabInternal: {fileID: 0}
  m_GameObject: {fileID: 271959443}
  m_LocalRotation: {x: -0, y: -0, z: -0, w: 1}
  m_LocalPosition: {x: 0, y: 0, z: 0}
  m_LocalScale: {x: 1, y: 1, z: 1}
  m_Children: []
  m_Father: {fileID: 0}
  m_RootOrder: 19
  m_LocalEulerAnglesHint: {x: 0, y: 0, z: 0}
--- !u!1001 &287958513
Prefab:
  m_ObjectHideFlags: 0
  serializedVersion: 2
  m_Modification:
    m_TransformParent: {fileID: 0}
    m_Modifications:
    - target: {fileID: 4315861647238624, guid: 060393bd5c82b6c4d83f77f797a707d7, type: 2}
      propertyPath: m_LocalPosition.x
      value: -6.82
      objectReference: {fileID: 0}
    - target: {fileID: 4315861647238624, guid: 060393bd5c82b6c4d83f77f797a707d7, type: 2}
      propertyPath: m_LocalPosition.y
      value: 5.72
      objectReference: {fileID: 0}
    - target: {fileID: 4315861647238624, guid: 060393bd5c82b6c4d83f77f797a707d7, type: 2}
      propertyPath: m_LocalPosition.z
      value: 0
      objectReference: {fileID: 0}
    - target: {fileID: 4315861647238624, guid: 060393bd5c82b6c4d83f77f797a707d7, type: 2}
      propertyPath: m_LocalRotation.x
      value: 0
      objectReference: {fileID: 0}
    - target: {fileID: 4315861647238624, guid: 060393bd5c82b6c4d83f77f797a707d7, type: 2}
      propertyPath: m_LocalRotation.y
      value: 0
      objectReference: {fileID: 0}
    - target: {fileID: 4315861647238624, guid: 060393bd5c82b6c4d83f77f797a707d7, type: 2}
      propertyPath: m_LocalRotation.z
      value: 0
      objectReference: {fileID: 0}
    - target: {fileID: 4315861647238624, guid: 060393bd5c82b6c4d83f77f797a707d7, type: 2}
      propertyPath: m_LocalRotation.w
      value: 1
      objectReference: {fileID: 0}
    - target: {fileID: 4315861647238624, guid: 060393bd5c82b6c4d83f77f797a707d7, type: 2}
      propertyPath: m_RootOrder
      value: 5
      objectReference: {fileID: 0}
    - target: {fileID: 114930442966482394, guid: 060393bd5c82b6c4d83f77f797a707d7,
        type: 2}
      propertyPath: puntaje
      value: 
      objectReference: {fileID: 735986392}
    m_RemovedComponents: []
  m_SourcePrefab: {fileID: 100100000, guid: 060393bd5c82b6c4d83f77f797a707d7, type: 2}
  m_IsPrefabAsset: 0
--- !u!1001 &357425851
Prefab:
  m_ObjectHideFlags: 0
  serializedVersion: 2
  m_Modification:
    m_TransformParent: {fileID: 0}
    m_Modifications:
    - target: {fileID: 4315861647238624, guid: 060393bd5c82b6c4d83f77f797a707d7, type: 2}
      propertyPath: m_LocalPosition.x
      value: -4.0895233
      objectReference: {fileID: 0}
    - target: {fileID: 4315861647238624, guid: 060393bd5c82b6c4d83f77f797a707d7, type: 2}
      propertyPath: m_LocalPosition.y
      value: -3.1575754
      objectReference: {fileID: 0}
    - target: {fileID: 4315861647238624, guid: 060393bd5c82b6c4d83f77f797a707d7, type: 2}
      propertyPath: m_LocalPosition.z
      value: 0
      objectReference: {fileID: 0}
    - target: {fileID: 4315861647238624, guid: 060393bd5c82b6c4d83f77f797a707d7, type: 2}
      propertyPath: m_LocalRotation.x
      value: 0
      objectReference: {fileID: 0}
    - target: {fileID: 4315861647238624, guid: 060393bd5c82b6c4d83f77f797a707d7, type: 2}
      propertyPath: m_LocalRotation.y
      value: 0
      objectReference: {fileID: 0}
    - target: {fileID: 4315861647238624, guid: 060393bd5c82b6c4d83f77f797a707d7, type: 2}
      propertyPath: m_LocalRotation.z
      value: 0
      objectReference: {fileID: 0}
    - target: {fileID: 4315861647238624, guid: 060393bd5c82b6c4d83f77f797a707d7, type: 2}
      propertyPath: m_LocalRotation.w
      value: 1
      objectReference: {fileID: 0}
    - target: {fileID: 4315861647238624, guid: 060393bd5c82b6c4d83f77f797a707d7, type: 2}
      propertyPath: m_RootOrder
      value: 1
      objectReference: {fileID: 0}
    - target: {fileID: 114930442966482394, guid: 060393bd5c82b6c4d83f77f797a707d7,
        type: 2}
      propertyPath: puntaje
      value: 
      objectReference: {fileID: 735986392}
    - target: {fileID: 1878988742446524, guid: 060393bd5c82b6c4d83f77f797a707d7, type: 2}
      propertyPath: m_Name
      value: Man (4)
      objectReference: {fileID: 0}
    m_RemovedComponents: []
  m_SourcePrefab: {fileID: 100100000, guid: 060393bd5c82b6c4d83f77f797a707d7, type: 2}
  m_IsPrefabAsset: 0
--- !u!1001 &563965530
Prefab:
  m_ObjectHideFlags: 0
  serializedVersion: 2
  m_Modification:
    m_TransformParent: {fileID: 0}
    m_Modifications:
    - target: {fileID: 4777976878528740, guid: 70476a849e0e6d24187c27d60dc09939, type: 2}
      propertyPath: m_LocalPosition.x
      value: 1.96
      objectReference: {fileID: 0}
    - target: {fileID: 4777976878528740, guid: 70476a849e0e6d24187c27d60dc09939, type: 2}
      propertyPath: m_LocalPosition.y
      value: 3.58
      objectReference: {fileID: 0}
    - target: {fileID: 4777976878528740, guid: 70476a849e0e6d24187c27d60dc09939, type: 2}
      propertyPath: m_LocalPosition.z
      value: 0
      objectReference: {fileID: 0}
    - target: {fileID: 4777976878528740, guid: 70476a849e0e6d24187c27d60dc09939, type: 2}
      propertyPath: m_LocalRotation.x
      value: 0
      objectReference: {fileID: 0}
    - target: {fileID: 4777976878528740, guid: 70476a849e0e6d24187c27d60dc09939, type: 2}
      propertyPath: m_LocalRotation.y
      value: 0
      objectReference: {fileID: 0}
    - target: {fileID: 4777976878528740, guid: 70476a849e0e6d24187c27d60dc09939, type: 2}
      propertyPath: m_LocalRotation.z
      value: 0
      objectReference: {fileID: 0}
    - target: {fileID: 4777976878528740, guid: 70476a849e0e6d24187c27d60dc09939, type: 2}
      propertyPath: m_LocalRotation.w
      value: 1
      objectReference: {fileID: 0}
    - target: {fileID: 4777976878528740, guid: 70476a849e0e6d24187c27d60dc09939, type: 2}
      propertyPath: m_RootOrder
      value: 14
      objectReference: {fileID: 0}
    - target: {fileID: 114940331630043286, guid: 70476a849e0e6d24187c27d60dc09939,
        type: 2}
      propertyPath: puntaje
      value: 
      objectReference: {fileID: 0}
    - target: {fileID: 114940331630043286, guid: 70476a849e0e6d24187c27d60dc09939,
        type: 2}
      propertyPath: leader
      value: 
      objectReference: {fileID: 249381358}
    - target: {fileID: 4861880699925996, guid: 70476a849e0e6d24187c27d60dc09939, type: 2}
      propertyPath: m_LocalPosition.x
      value: 0.31
      objectReference: {fileID: 0}
    - target: {fileID: 114940331630043286, guid: 70476a849e0e6d24187c27d60dc09939,
        type: 2}
      propertyPath: leaderName
      value: 
      objectReference: {fileID: 0}
    - target: {fileID: 114940331630043286, guid: 70476a849e0e6d24187c27d60dc09939,
        type: 2}
      propertyPath: shoot
      value: 1
      objectReference: {fileID: 0}
    m_RemovedComponents: []
  m_SourcePrefab: {fileID: 100100000, guid: 70476a849e0e6d24187c27d60dc09939, type: 2}
  m_IsPrefabAsset: 0
--- !u!1 &717549017
GameObject:
  m_ObjectHideFlags: 0
  m_CorrespondingSourceObject: {fileID: 0}
  m_PrefabInternal: {fileID: 0}
  serializedVersion: 6
  m_Component:
  - component: {fileID: 717549020}
  - component: {fileID: 717549019}
  - component: {fileID: 717549018}
  m_Layer: 0
  m_Name: EventSystem
  m_TagString: Untagged
  m_Icon: {fileID: 0}
  m_NavMeshLayer: 0
  m_StaticEditorFlags: 0
  m_IsActive: 1
--- !u!114 &717549018
MonoBehaviour:
  m_ObjectHideFlags: 0
  m_CorrespondingSourceObject: {fileID: 0}
  m_PrefabInternal: {fileID: 0}
  m_GameObject: {fileID: 717549017}
  m_Enabled: 1
  m_EditorHideFlags: 0
  m_Script: {fileID: 1077351063, guid: f70555f144d8491a825f0804e09c671c, type: 3}
  m_Name: 
  m_EditorClassIdentifier: 
  m_HorizontalAxis: Horizontal
  m_VerticalAxis: Vertical
  m_SubmitButton: Submit
  m_CancelButton: Cancel
  m_InputActionsPerSecond: 10
  m_RepeatDelay: 0.5
  m_ForceModuleActive: 0
--- !u!114 &717549019
MonoBehaviour:
  m_ObjectHideFlags: 0
  m_CorrespondingSourceObject: {fileID: 0}
  m_PrefabInternal: {fileID: 0}
  m_GameObject: {fileID: 717549017}
  m_Enabled: 1
  m_EditorHideFlags: 0
  m_Script: {fileID: -619905303, guid: f70555f144d8491a825f0804e09c671c, type: 3}
  m_Name: 
  m_EditorClassIdentifier: 
  m_FirstSelected: {fileID: 0}
  m_sendNavigationEvents: 1
  m_DragThreshold: 10
--- !u!4 &717549020
Transform:
  m_ObjectHideFlags: 0
  m_CorrespondingSourceObject: {fileID: 0}
  m_PrefabInternal: {fileID: 0}
  m_GameObject: {fileID: 717549017}
  m_LocalRotation: {x: 0, y: 0, z: 0, w: 1}
  m_LocalPosition: {x: 0, y: 0, z: 0}
  m_LocalScale: {x: 1, y: 1, z: 1}
  m_Children: []
  m_Father: {fileID: 0}
  m_RootOrder: 17
  m_LocalEulerAnglesHint: {x: 0, y: 0, z: 0}
--- !u!1 &735986392
GameObject:
  m_ObjectHideFlags: 0
  m_CorrespondingSourceObject: {fileID: 0}
  m_PrefabInternal: {fileID: 0}
  serializedVersion: 6
  m_Component:
  - component: {fileID: 735986393}
  - component: {fileID: 735986395}
  - component: {fileID: 735986394}
  - component: {fileID: 735986396}
  m_Layer: 5
  m_Name: Puntaje
  m_TagString: Untagged
  m_Icon: {fileID: 0}
  m_NavMeshLayer: 0
  m_StaticEditorFlags: 0
  m_IsActive: 1
--- !u!224 &735986393
RectTransform:
  m_ObjectHideFlags: 0
  m_CorrespondingSourceObject: {fileID: 0}
  m_PrefabInternal: {fileID: 0}
  m_GameObject: {fileID: 735986392}
  m_LocalRotation: {x: 0, y: 0, z: 0, w: 1}
  m_LocalPosition: {x: 0, y: 0, z: 0}
  m_LocalScale: {x: 1, y: 1, z: 1}
  m_Children: []
  m_Father: {fileID: 21133293}
  m_RootOrder: 0
  m_LocalEulerAnglesHint: {x: 0, y: 0, z: 0}
  m_AnchorMin: {x: 0.5, y: 0.5}
  m_AnchorMax: {x: 0.5, y: 0.5}
  m_AnchoredPosition: {x: 318.86, y: 182.18}
  m_SizeDelta: {x: 41.28, y: 17.65}
  m_Pivot: {x: 0.5, y: 0.5}
--- !u!114 &735986394
MonoBehaviour:
  m_ObjectHideFlags: 0
  m_CorrespondingSourceObject: {fileID: 0}
  m_PrefabInternal: {fileID: 0}
  m_GameObject: {fileID: 735986392}
  m_Enabled: 1
  m_EditorHideFlags: 0
  m_Script: {fileID: 708705254, guid: f70555f144d8491a825f0804e09c671c, type: 3}
  m_Name: 
  m_EditorClassIdentifier: 
  m_Material: {fileID: 0}
  m_Color: {r: 1, g: 1, b: 1, a: 1}
  m_RaycastTarget: 1
  m_OnCullStateChanged:
    m_PersistentCalls:
      m_Calls: []
    m_TypeName: UnityEngine.UI.MaskableGraphic+CullStateChangedEvent, UnityEngine.UI,
      Version=1.0.0.0, Culture=neutral, PublicKeyToken=null
  m_FontData:
    m_Font: {fileID: 10102, guid: 0000000000000000e000000000000000, type: 0}
    m_FontSize: 14
    m_FontStyle: 0
    m_BestFit: 0
    m_MinSize: 10
    m_MaxSize: 40
    m_Alignment: 4
    m_AlignByGeometry: 0
    m_RichText: 1
    m_HorizontalOverflow: 0
    m_VerticalOverflow: 0
    m_LineSpacing: 1
  m_Text: 1000
--- !u!222 &735986395
CanvasRenderer:
  m_ObjectHideFlags: 0
  m_CorrespondingSourceObject: {fileID: 0}
  m_PrefabInternal: {fileID: 0}
  m_GameObject: {fileID: 735986392}
  m_CullTransparentMesh: 0
--- !u!114 &735986396
MonoBehaviour:
  m_ObjectHideFlags: 0
  m_CorrespondingSourceObject: {fileID: 0}
  m_PrefabInternal: {fileID: 0}
  m_GameObject: {fileID: 735986392}
  m_Enabled: 1
  m_EditorHideFlags: 0
  m_Script: {fileID: 11500000, guid: 577073f06e26e504882865f3c64d2929, type: 3}
  m_Name: 
  m_EditorClassIdentifier: 
--- !u!1001 &810807296
Prefab:
  m_ObjectHideFlags: 0
  serializedVersion: 2
  m_Modification:
    m_TransformParent: {fileID: 0}
    m_Modifications:
    - target: {fileID: 4601254931590512, guid: 227f0b3ccc3e66946992a1b77efe68c4, type: 2}
      propertyPath: m_LocalPosition.x
      value: -27.826607
      objectReference: {fileID: 0}
    - target: {fileID: 4601254931590512, guid: 227f0b3ccc3e66946992a1b77efe68c4, type: 2}
      propertyPath: m_LocalPosition.y
      value: 5.573306
      objectReference: {fileID: 0}
    - target: {fileID: 4601254931590512, guid: 227f0b3ccc3e66946992a1b77efe68c4, type: 2}
      propertyPath: m_LocalPosition.z
      value: 0
      objectReference: {fileID: 0}
    - target: {fileID: 4601254931590512, guid: 227f0b3ccc3e66946992a1b77efe68c4, type: 2}
      propertyPath: m_LocalRotation.x
      value: 0
      objectReference: {fileID: 0}
    - target: {fileID: 4601254931590512, guid: 227f0b3ccc3e66946992a1b77efe68c4, type: 2}
      propertyPath: m_LocalRotation.y
      value: 0
      objectReference: {fileID: 0}
    - target: {fileID: 4601254931590512, guid: 227f0b3ccc3e66946992a1b77efe68c4, type: 2}
      propertyPath: m_LocalRotation.z
      value: 0
      objectReference: {fileID: 0}
    - target: {fileID: 4601254931590512, guid: 227f0b3ccc3e66946992a1b77efe68c4, type: 2}
      propertyPath: m_LocalRotation.w
      value: 1
      objectReference: {fileID: 0}
    - target: {fileID: 4601254931590512, guid: 227f0b3ccc3e66946992a1b77efe68c4, type: 2}
      propertyPath: m_RootOrder
      value: 9
      objectReference: {fileID: 0}
    - target: {fileID: 1092885038365162, guid: 227f0b3ccc3e66946992a1b77efe68c4, type: 2}
      propertyPath: m_Name
      value: womanGreen (1)
      objectReference: {fileID: 0}
    - target: {fileID: 114225799111280208, guid: 227f0b3ccc3e66946992a1b77efe68c4,
        type: 2}
      propertyPath: puntaje
      value: 
      objectReference: {fileID: 735986392}
    m_RemovedComponents: []
  m_SourcePrefab: {fileID: 100100000, guid: 227f0b3ccc3e66946992a1b77efe68c4, type: 2}
  m_IsPrefabAsset: 0
--- !u!1001 &830337951
Prefab:
  m_ObjectHideFlags: 0
  serializedVersion: 2
  m_Modification:
    m_TransformParent: {fileID: 0}
    m_Modifications:
    - target: {fileID: 4601254931590512, guid: 227f0b3ccc3e66946992a1b77efe68c4, type: 2}
      propertyPath: m_LocalPosition.x
      value: -27.69019
      objectReference: {fileID: 0}
    - target: {fileID: 4601254931590512, guid: 227f0b3ccc3e66946992a1b77efe68c4, type: 2}
      propertyPath: m_LocalPosition.y
      value: 6.9375067
      objectReference: {fileID: 0}
    - target: {fileID: 4601254931590512, guid: 227f0b3ccc3e66946992a1b77efe68c4, type: 2}
      propertyPath: m_LocalPosition.z
      value: 0
      objectReference: {fileID: 0}
    - target: {fileID: 4601254931590512, guid: 227f0b3ccc3e66946992a1b77efe68c4, type: 2}
      propertyPath: m_LocalRotation.x
      value: 0
      objectReference: {fileID: 0}
    - target: {fileID: 4601254931590512, guid: 227f0b3ccc3e66946992a1b77efe68c4, type: 2}
      propertyPath: m_LocalRotation.y
      value: 0
      objectReference: {fileID: 0}
    - target: {fileID: 4601254931590512, guid: 227f0b3ccc3e66946992a1b77efe68c4, type: 2}
      propertyPath: m_LocalRotation.z
      value: 0
      objectReference: {fileID: 0}
    - target: {fileID: 4601254931590512, guid: 227f0b3ccc3e66946992a1b77efe68c4, type: 2}
      propertyPath: m_LocalRotation.w
      value: 1
      objectReference: {fileID: 0}
    - target: {fileID: 4601254931590512, guid: 227f0b3ccc3e66946992a1b77efe68c4, type: 2}
      propertyPath: m_RootOrder
      value: 10
      objectReference: {fileID: 0}
    - target: {fileID: 114225799111280208, guid: 227f0b3ccc3e66946992a1b77efe68c4,
        type: 2}
      propertyPath: puntaje
      value: 
      objectReference: {fileID: 735986392}
    m_RemovedComponents: []
  m_SourcePrefab: {fileID: 100100000, guid: 227f0b3ccc3e66946992a1b77efe68c4, type: 2}
  m_IsPrefabAsset: 0
--- !u!1001 &1045807563
Prefab:
  m_ObjectHideFlags: 0
  serializedVersion: 2
  m_Modification:
    m_TransformParent: {fileID: 0}
    m_Modifications:
    - target: {fileID: 4601254931590512, guid: 227f0b3ccc3e66946992a1b77efe68c4, type: 2}
      propertyPath: m_LocalPosition.x
      value: -20.596346
      objectReference: {fileID: 0}
    - target: {fileID: 4601254931590512, guid: 227f0b3ccc3e66946992a1b77efe68c4, type: 2}
      propertyPath: m_LocalPosition.y
      value: 0.9350257
      objectReference: {fileID: 0}
    - target: {fileID: 4601254931590512, guid: 227f0b3ccc3e66946992a1b77efe68c4, type: 2}
      propertyPath: m_LocalPosition.z
      value: 0
      objectReference: {fileID: 0}
    - target: {fileID: 4601254931590512, guid: 227f0b3ccc3e66946992a1b77efe68c4, type: 2}
      propertyPath: m_LocalRotation.x
      value: 0
      objectReference: {fileID: 0}
    - target: {fileID: 4601254931590512, guid: 227f0b3ccc3e66946992a1b77efe68c4, type: 2}
      propertyPath: m_LocalRotation.y
      value: 0
      objectReference: {fileID: 0}
    - target: {fileID: 4601254931590512, guid: 227f0b3ccc3e66946992a1b77efe68c4, type: 2}
      propertyPath: m_LocalRotation.z
      value: 0
      objectReference: {fileID: 0}
    - target: {fileID: 4601254931590512, guid: 227f0b3ccc3e66946992a1b77efe68c4, type: 2}
      propertyPath: m_LocalRotation.w
      value: 1
      objectReference: {fileID: 0}
    - target: {fileID: 4601254931590512, guid: 227f0b3ccc3e66946992a1b77efe68c4, type: 2}
      propertyPath: m_RootOrder
      value: 6
      objectReference: {fileID: 0}
    - target: {fileID: 1092885038365162, guid: 227f0b3ccc3e66946992a1b77efe68c4, type: 2}
      propertyPath: m_Name
      value: womanGreen (4)
      objectReference: {fileID: 0}
    - target: {fileID: 114225799111280208, guid: 227f0b3ccc3e66946992a1b77efe68c4,
        type: 2}
      propertyPath: puntaje
      value: 
      objectReference: {fileID: 735986392}
    m_RemovedComponents: []
  m_SourcePrefab: {fileID: 100100000, guid: 227f0b3ccc3e66946992a1b77efe68c4, type: 2}
  m_IsPrefabAsset: 0
--- !u!1001 &1268088917
Prefab:
  m_ObjectHideFlags: 0
  serializedVersion: 2
  m_Modification:
    m_TransformParent: {fileID: 0}
    m_Modifications:
    - target: {fileID: 4315861647238624, guid: 060393bd5c82b6c4d83f77f797a707d7, type: 2}
      propertyPath: m_LocalPosition.x
      value: -18.959305
      objectReference: {fileID: 0}
    - target: {fileID: 4315861647238624, guid: 060393bd5c82b6c4d83f77f797a707d7, type: 2}
      propertyPath: m_LocalPosition.y
      value: 8.438126
      objectReference: {fileID: 0}
    - target: {fileID: 4315861647238624, guid: 060393bd5c82b6c4d83f77f797a707d7, type: 2}
      propertyPath: m_LocalPosition.z
      value: 0
      objectReference: {fileID: 0}
    - target: {fileID: 4315861647238624, guid: 060393bd5c82b6c4d83f77f797a707d7, type: 2}
      propertyPath: m_LocalRotation.x
      value: 0
      objectReference: {fileID: 0}
    - target: {fileID: 4315861647238624, guid: 060393bd5c82b6c4d83f77f797a707d7, type: 2}
      propertyPath: m_LocalRotation.y
      value: 0
      objectReference: {fileID: 0}
    - target: {fileID: 4315861647238624, guid: 060393bd5c82b6c4d83f77f797a707d7, type: 2}
      propertyPath: m_LocalRotation.z
      value: 0
      objectReference: {fileID: 0}
    - target: {fileID: 4315861647238624, guid: 060393bd5c82b6c4d83f77f797a707d7, type: 2}
      propertyPath: m_LocalRotation.w
      value: 1
      objectReference: {fileID: 0}
    - target: {fileID: 4315861647238624, guid: 060393bd5c82b6c4d83f77f797a707d7, type: 2}
      propertyPath: m_RootOrder
      value: 2
      objectReference: {fileID: 0}
    - target: {fileID: 1878988742446524, guid: 060393bd5c82b6c4d83f77f797a707d7, type: 2}
      propertyPath: m_Name
      value: Man (3)
      objectReference: {fileID: 0}
    - target: {fileID: 114930442966482394, guid: 060393bd5c82b6c4d83f77f797a707d7,
        type: 2}
      propertyPath: puntaje
      value: 
      objectReference: {fileID: 735986392}
    m_RemovedComponents: []
  m_SourcePrefab: {fileID: 100100000, guid: 060393bd5c82b6c4d83f77f797a707d7, type: 2}
  m_IsPrefabAsset: 0
--- !u!1001 &1532909932
Prefab:
  m_ObjectHideFlags: 0
  serializedVersion: 2
  m_Modification:
    m_TransformParent: {fileID: 0}
    m_Modifications:
    - target: {fileID: 4315861647238624, guid: 060393bd5c82b6c4d83f77f797a707d7, type: 2}
      propertyPath: m_LocalPosition.x
      value: -24.416107
      objectReference: {fileID: 0}
    - target: {fileID: 4315861647238624, guid: 060393bd5c82b6c4d83f77f797a707d7, type: 2}
      propertyPath: m_LocalPosition.y
      value: -8.750795
      objectReference: {fileID: 0}
    - target: {fileID: 4315861647238624, guid: 060393bd5c82b6c4d83f77f797a707d7, type: 2}
      propertyPath: m_LocalPosition.z
      value: 0
      objectReference: {fileID: 0}
    - target: {fileID: 4315861647238624, guid: 060393bd5c82b6c4d83f77f797a707d7, type: 2}
      propertyPath: m_LocalRotation.x
      value: 0
      objectReference: {fileID: 0}
    - target: {fileID: 4315861647238624, guid: 060393bd5c82b6c4d83f77f797a707d7, type: 2}
      propertyPath: m_LocalRotation.y
      value: 0
      objectReference: {fileID: 0}
    - target: {fileID: 4315861647238624, guid: 060393bd5c82b6c4d83f77f797a707d7, type: 2}
      propertyPath: m_LocalRotation.z
      value: 0
      objectReference: {fileID: 0}
    - target: {fileID: 4315861647238624, guid: 060393bd5c82b6c4d83f77f797a707d7, type: 2}
      propertyPath: m_LocalRotation.w
      value: 1
      objectReference: {fileID: 0}
    - target: {fileID: 4315861647238624, guid: 060393bd5c82b6c4d83f77f797a707d7, type: 2}
      propertyPath: m_RootOrder
      value: 3
      objectReference: {fileID: 0}
    - target: {fileID: 1878988742446524, guid: 060393bd5c82b6c4d83f77f797a707d7, type: 2}
      propertyPath: m_Name
      value: Man (2)
      objectReference: {fileID: 0}
    - target: {fileID: 114930442966482394, guid: 060393bd5c82b6c4d83f77f797a707d7,
        type: 2}
      propertyPath: puntaje
      value: 
      objectReference: {fileID: 735986392}
    m_RemovedComponents: []
  m_SourcePrefab: {fileID: 100100000, guid: 060393bd5c82b6c4d83f77f797a707d7, type: 2}
  m_IsPrefabAsset: 0
--- !u!1001 &1592041763
Prefab:
  m_ObjectHideFlags: 0
  serializedVersion: 2
  m_Modification:
    m_TransformParent: {fileID: 0}
    m_Modifications:
    - target: {fileID: 4601254931590512, guid: 227f0b3ccc3e66946992a1b77efe68c4, type: 2}
      propertyPath: m_LocalPosition.x
      value: -27.963028
      objectReference: {fileID: 0}
    - target: {fileID: 4601254931590512, guid: 227f0b3ccc3e66946992a1b77efe68c4, type: 2}
      propertyPath: m_LocalPosition.y
      value: 4.2091074
      objectReference: {fileID: 0}
    - target: {fileID: 4601254931590512, guid: 227f0b3ccc3e66946992a1b77efe68c4, type: 2}
      propertyPath: m_LocalPosition.z
      value: 0
      objectReference: {fileID: 0}
    - target: {fileID: 4601254931590512, guid: 227f0b3ccc3e66946992a1b77efe68c4, type: 2}
      propertyPath: m_LocalRotation.x
      value: 0
      objectReference: {fileID: 0}
    - target: {fileID: 4601254931590512, guid: 227f0b3ccc3e66946992a1b77efe68c4, type: 2}
      propertyPath: m_LocalRotation.y
      value: 0
      objectReference: {fileID: 0}
    - target: {fileID: 4601254931590512, guid: 227f0b3ccc3e66946992a1b77efe68c4, type: 2}
      propertyPath: m_LocalRotation.z
      value: 0
      objectReference: {fileID: 0}
    - target: {fileID: 4601254931590512, guid: 227f0b3ccc3e66946992a1b77efe68c4, type: 2}
      propertyPath: m_LocalRotation.w
      value: 1
      objectReference: {fileID: 0}
    - target: {fileID: 4601254931590512, guid: 227f0b3ccc3e66946992a1b77efe68c4, type: 2}
      propertyPath: m_RootOrder
      value: 8
      objectReference: {fileID: 0}
    - target: {fileID: 1092885038365162, guid: 227f0b3ccc3e66946992a1b77efe68c4, type: 2}
      propertyPath: m_Name
      value: womanGreen (2)
      objectReference: {fileID: 0}
    - target: {fileID: 114225799111280208, guid: 227f0b3ccc3e66946992a1b77efe68c4,
        type: 2}
      propertyPath: puntaje
      value: 
      objectReference: {fileID: 735986392}
    m_RemovedComponents: []
  m_SourcePrefab: {fileID: 100100000, guid: 227f0b3ccc3e66946992a1b77efe68c4, type: 2}
  m_IsPrefabAsset: 0
--- !u!1001 &1625958210
Prefab:
  m_ObjectHideFlags: 0
  serializedVersion: 2
  m_Modification:
    m_TransformParent: {fileID: 0}
    m_Modifications:
    - target: {fileID: 4601254931590512, guid: 227f0b3ccc3e66946992a1b77efe68c4, type: 2}
      propertyPath: m_LocalPosition.x
      value: -28.235867
      objectReference: {fileID: 0}
    - target: {fileID: 4601254931590512, guid: 227f0b3ccc3e66946992a1b77efe68c4, type: 2}
      propertyPath: m_LocalPosition.y
      value: 2.7084866
      objectReference: {fileID: 0}
    - target: {fileID: 4601254931590512, guid: 227f0b3ccc3e66946992a1b77efe68c4, type: 2}
      propertyPath: m_LocalPosition.z
      value: 0
      objectReference: {fileID: 0}
    - target: {fileID: 4601254931590512, guid: 227f0b3ccc3e66946992a1b77efe68c4, type: 2}
      propertyPath: m_LocalRotation.x
      value: 0
      objectReference: {fileID: 0}
    - target: {fileID: 4601254931590512, guid: 227f0b3ccc3e66946992a1b77efe68c4, type: 2}
      propertyPath: m_LocalRotation.y
      value: 0
      objectReference: {fileID: 0}
    - target: {fileID: 4601254931590512, guid: 227f0b3ccc3e66946992a1b77efe68c4, type: 2}
      propertyPath: m_LocalRotation.z
      value: 0
      objectReference: {fileID: 0}
    - target: {fileID: 4601254931590512, guid: 227f0b3ccc3e66946992a1b77efe68c4, type: 2}
      propertyPath: m_LocalRotation.w
      value: 1
      objectReference: {fileID: 0}
    - target: {fileID: 4601254931590512, guid: 227f0b3ccc3e66946992a1b77efe68c4, type: 2}
      propertyPath: m_RootOrder
      value: 7
      objectReference: {fileID: 0}
    - target: {fileID: 1092885038365162, guid: 227f0b3ccc3e66946992a1b77efe68c4, type: 2}
      propertyPath: m_Name
      value: womanGreen (3)
      objectReference: {fileID: 0}
    - target: {fileID: 114225799111280208, guid: 227f0b3ccc3e66946992a1b77efe68c4,
        type: 2}
      propertyPath: puntaje
      value: 
      objectReference: {fileID: 735986392}
    m_RemovedComponents: []
  m_SourcePrefab: {fileID: 100100000, guid: 227f0b3ccc3e66946992a1b77efe68c4, type: 2}
  m_IsPrefabAsset: 0
--- !u!1 &1782419314
GameObject:
  m_ObjectHideFlags: 0
  m_CorrespondingSourceObject: {fileID: 0}
  m_PrefabInternal: {fileID: 0}
  serializedVersion: 6
  m_Component:
  - component: {fileID: 1782419316}
  - component: {fileID: 1782419315}
  - component: {fileID: 1782419320}
  - component: {fileID: 1782419319}
  - component: {fileID: 1782419318}
  - component: {fileID: 1782419317}
  - component: {fileID: 1782419324}
  - component: {fileID: 1782419323}
  - component: {fileID: 1782419322}
  - component: {fileID: 1782419321}
  - component: {fileID: 1782419325}
  - component: {fileID: 1782419326}
  m_Layer: 0
  m_Name: map18x19
  m_TagString: Obstacle
  m_Icon: {fileID: 0}
  m_NavMeshLayer: 0
  m_StaticEditorFlags: 0
  m_IsActive: 1
--- !u!212 &1782419315
SpriteRenderer:
  m_ObjectHideFlags: 0
  m_CorrespondingSourceObject: {fileID: 0}
  m_PrefabInternal: {fileID: 0}
  m_GameObject: {fileID: 1782419314}
  m_Enabled: 1
  m_CastShadows: 0
  m_ReceiveShadows: 0
  m_DynamicOccludee: 1
  m_MotionVectors: 1
  m_LightProbeUsage: 1
  m_ReflectionProbeUsage: 1
  m_RenderingLayerMask: 4294967295
  m_Materials:
  - {fileID: 10754, guid: 0000000000000000f000000000000000, type: 0}
  m_StaticBatchInfo:
    firstSubMesh: 0
    subMeshCount: 0
  m_StaticBatchRoot: {fileID: 0}
  m_ProbeAnchor: {fileID: 0}
  m_LightProbeVolumeOverride: {fileID: 0}
  m_ScaleInLightmap: 1
  m_PreserveUVs: 0
  m_IgnoreNormalsForChartDetection: 0
  m_ImportantGI: 0
  m_StitchLightmapSeams: 0
  m_SelectedEditorRenderState: 0
  m_MinimumChartSize: 4
  m_AutoUVMaxDistance: 0.5
  m_AutoUVMaxAngle: 89
  m_LightmapParameters: {fileID: 0}
  m_SortingLayerID: -92418835
  m_SortingLayer: -1
  m_SortingOrder: 0
  m_Sprite: {fileID: 21300000, guid: 71d4e3b629f30b0498ca2df191f927b8, type: 3}
  m_Color: {r: 1, g: 1, b: 1, a: 1}
  m_FlipX: 0
  m_FlipY: 0
  m_DrawMode: 0
  m_Size: {x: 34, y: 23}
  m_AdaptiveModeThreshold: 0.5
  m_SpriteTileMode: 0
  m_WasSpriteAssigned: 1
  m_MaskInteraction: 0
  m_SpriteSortPoint: 0
--- !u!4 &1782419316
Transform:
  m_ObjectHideFlags: 0
  m_CorrespondingSourceObject: {fileID: 0}
  m_PrefabInternal: {fileID: 0}
  m_GameObject: {fileID: 1782419314}
  m_LocalRotation: {x: 0, y: 0, z: 0, w: 1}
  m_LocalPosition: {x: -17.38, y: -1.11, z: 0}
  m_LocalScale: {x: 1.2645398, y: 1.1029214, z: 1}
  m_Children:
  - {fileID: 178108732}
  m_Father: {fileID: 0}
  m_RootOrder: 16
  m_LocalEulerAnglesHint: {x: 0, y: 0, z: 0}
--- !u!61 &1782419317
BoxCollider2D:
  m_ObjectHideFlags: 0
  m_CorrespondingSourceObject: {fileID: 0}
  m_PrefabInternal: {fileID: 0}
  m_GameObject: {fileID: 1782419314}
  m_Enabled: 1
  m_Density: 1
  m_Material: {fileID: 0}
  m_IsTrigger: 0
  m_UsedByEffector: 0
  m_UsedByComposite: 0
  m_Offset: {x: 16.503548, y: -5.5206356}
  m_SpriteTilingProperty:
    border: {x: 0, y: 0, z: 0, w: 0}
    pivot: {x: 0.5, y: 0.5}
    oldSize: {x: 34, y: 23}
    newSize: {x: 34, y: 23}
    adaptiveTilingThreshold: 0.5
    drawMode: 0
    adaptiveTiling: 0
  m_AutoTiling: 0
  serializedVersion: 2
  m_Size: {x: 0.9929066, y: 11.958729}
  m_EdgeRadius: 0
--- !u!61 &1782419318
BoxCollider2D:
  m_ObjectHideFlags: 0
  m_CorrespondingSourceObject: {fileID: 0}
  m_PrefabInternal: {fileID: 0}
  m_GameObject: {fileID: 1782419314}
  m_Enabled: 1
  m_Density: 1
  m_Material: {fileID: 0}
  m_IsTrigger: 0
  m_UsedByEffector: 0
  m_UsedByComposite: 0
  m_Offset: {x: 0, y: -10.9916315}
  m_SpriteTilingProperty:
    border: {x: 0, y: 0, z: 0, w: 0}
    pivot: {x: 0.5, y: 0.5}
    oldSize: {x: 34, y: 23}
    newSize: {x: 34, y: 23}
    adaptiveTilingThreshold: 0.5
    drawMode: 0
    adaptiveTiling: 0
  m_AutoTiling: 0
  serializedVersion: 2
  m_Size: {x: 34, y: 1.016737}
  m_EdgeRadius: 0
--- !u!61 &1782419319
BoxCollider2D:
  m_ObjectHideFlags: 0
  m_CorrespondingSourceObject: {fileID: 0}
  m_PrefabInternal: {fileID: 0}
  m_GameObject: {fileID: 1782419314}
  m_Enabled: 1
  m_Density: 1
  m_Material: {fileID: 0}
  m_IsTrigger: 0
  m_UsedByEffector: 0
  m_UsedByComposite: 0
  m_Offset: {x: -16.491474, y: 0}
  m_SpriteTilingProperty:
    border: {x: 0, y: 0, z: 0, w: 0}
    pivot: {x: 0.5, y: 0.5}
    oldSize: {x: 34, y: 23}
    newSize: {x: 34, y: 23}
    adaptiveTilingThreshold: 0.5
    drawMode: 0
    adaptiveTiling: 0
  m_AutoTiling: 0
  serializedVersion: 2
  m_Size: {x: 1.0170527, y: 23}
  m_EdgeRadius: 0
--- !u!61 &1782419320
BoxCollider2D:
  m_ObjectHideFlags: 0
  m_CorrespondingSourceObject: {fileID: 0}
  m_PrefabInternal: {fileID: 0}
  m_GameObject: {fileID: 1782419314}
  m_Enabled: 1
  m_Density: 1
  m_Material: {fileID: 0}
  m_IsTrigger: 0
  m_UsedByEffector: 0
  m_UsedByComposite: 0
  m_Offset: {x: 16.49097, y: 7.487454}
  m_SpriteTilingProperty:
    border: {x: 0, y: 0, z: 0, w: 0}
    pivot: {x: 0.5, y: 0.5}
    oldSize: {x: 34, y: 23}
    newSize: {x: 34, y: 23}
    adaptiveTilingThreshold: 0.5
    drawMode: 0
    adaptiveTiling: 0
  m_AutoTiling: 0
  serializedVersion: 2
  m_Size: {x: 1.0180588, y: 8.025092}
  m_EdgeRadius: 0
--- !u!61 &1782419321
BoxCollider2D:
  m_ObjectHideFlags: 0
  m_CorrespondingSourceObject: {fileID: 0}
  m_PrefabInternal: {fileID: 0}
  m_GameObject: {fileID: 1782419314}
  m_Enabled: 1
  m_Density: 1
  m_Material: {fileID: 0}
  m_IsTrigger: 0
  m_UsedByEffector: 0
  m_UsedByComposite: 0
  m_Offset: {x: 0, y: 10.985672}
  m_SpriteTilingProperty:
    border: {x: 0, y: 0, z: 0, w: 0}
    pivot: {x: 0.5, y: 0.5}
    oldSize: {x: 34, y: 23}
    newSize: {x: 34, y: 23}
    adaptiveTilingThreshold: 0.5
    drawMode: 0
    adaptiveTiling: 0
  m_AutoTiling: 0
  serializedVersion: 2
  m_Size: {x: 34, y: 1.028655}
  m_EdgeRadius: 0
--- !u!61 &1782419322
BoxCollider2D:
  m_ObjectHideFlags: 0
  m_CorrespondingSourceObject: {fileID: 0}
  m_PrefabInternal: {fileID: 0}
  m_GameObject: {fileID: 1782419314}
  m_Enabled: 1
  m_Density: 1
  m_Material: {fileID: 0}
  m_IsTrigger: 0
  m_UsedByEffector: 0
  m_UsedByComposite: 0
  m_Offset: {x: -13.011217, y: -3.0074792}
  m_SpriteTilingProperty:
    border: {x: 0, y: 0, z: 0, w: 0}
    pivot: {x: 0.5, y: 0.5}
    oldSize: {x: 34, y: 23}
    newSize: {x: 34, y: 23}
    adaptiveTilingThreshold: 0.5
    drawMode: 0
    adaptiveTiling: 0
  m_AutoTiling: 0
  serializedVersion: 2
  m_Size: {x: 7.977566, y: 1.0263126}
  m_EdgeRadius: 0
--- !u!61 &1782419323
BoxCollider2D:
  m_ObjectHideFlags: 0
  m_CorrespondingSourceObject: {fileID: 0}
  m_PrefabInternal: {fileID: 0}
  m_GameObject: {fileID: 1782419314}
  m_Enabled: 1
  m_Density: 1
  m_Material: {fileID: 0}
  m_IsTrigger: 0
  m_UsedByEffector: 0
  m_UsedByComposite: 0
  m_Offset: {x: 3.502843, y: -2.502571}
  m_SpriteTilingProperty:
    border: {x: 0, y: 0, z: 0, w: 0}
    pivot: {x: 0.5, y: 0.5}
    oldSize: {x: 34, y: 23}
    newSize: {x: 34, y: 23}
    adaptiveTilingThreshold: 0.5
    drawMode: 0
    adaptiveTiling: 0
  m_AutoTiling: 0
  serializedVersion: 2
  m_Size: {x: 1.0772858, y: 8.02771}
  m_EdgeRadius: 0
--- !u!61 &1782419324
BoxCollider2D:
  m_ObjectHideFlags: 0
  m_CorrespondingSourceObject: {fileID: 0}
  m_PrefabInternal: {fileID: 0}
  m_GameObject: {fileID: 1782419314}
  m_Enabled: 1
  m_Density: 1
  m_Material: {fileID: 0}
  m_IsTrigger: 0
  m_UsedByEffector: 0
  m_UsedByComposite: 0
  m_Offset: {x: -1.016598, y: -2.9945507}
  m_SpriteTilingProperty:
    border: {x: 0, y: 0, z: 0, w: 0}
    pivot: {x: 0.5, y: 0.5}
    oldSize: {x: 34, y: 23}
    newSize: {x: 34, y: 23}
    adaptiveTilingThreshold: 0.5
    drawMode: 0
    adaptiveTiling: 0
  m_AutoTiling: 0
  serializedVersion: 2
  m_Size: {x: 10.046862, y: 0.9929762}
  m_EdgeRadius: 0
--- !u!61 &1782419325
BoxCollider2D:
  m_ObjectHideFlags: 0
  m_CorrespondingSourceObject: {fileID: 0}
  m_PrefabInternal: {fileID: 0}
  m_GameObject: {fileID: 1782419314}
  m_Enabled: 1
  m_Density: 1
  m_Material: {fileID: 0}
  m_IsTrigger: 0
  m_UsedByEffector: 0
  m_UsedByComposite: 0
  m_Offset: {x: 3.4931118, y: 7.995153}
  m_SpriteTilingProperty:
    border: {x: 0, y: 0, z: 0, w: 0}
    pivot: {x: 0.5, y: 0.5}
    oldSize: {x: 34, y: 23}
    newSize: {x: 34, y: 23}
    adaptiveTilingThreshold: 0.5
    drawMode: 0
    adaptiveTiling: 0
  m_AutoTiling: 0
  serializedVersion: 2
  m_Size: {x: 0.95016146, y: 7.009694}
  m_EdgeRadius: 0
--- !u!61 &1782419326
BoxCollider2D:
  m_ObjectHideFlags: 0
  m_CorrespondingSourceObject: {fileID: 0}
  m_PrefabInternal: {fileID: 0}
  m_GameObject: {fileID: 1782419314}
  m_Enabled: 1
  m_Density: 1
  m_Material: {fileID: 0}
  m_IsTrigger: 0
  m_UsedByEffector: 0
  m_UsedByComposite: 0
  m_Offset: {x: 3.4989069, y: -10.500887}
  m_SpriteTilingProperty:
    border: {x: 0, y: 0, z: 0, w: 0}
    pivot: {x: 0.5, y: 0.5}
    oldSize: {x: 34, y: 23}
    newSize: {x: 34, y: 23}
    adaptiveTilingThreshold: 0.5
    drawMode: 0
    adaptiveTiling: 0
  m_AutoTiling: 0
  serializedVersion: 2
  m_Size: {x: 1.00036, y: 1.9982262}
  m_EdgeRadius: 0
--- !u!1 &1785405974
GameObject:
  m_ObjectHideFlags: 0
  m_CorrespondingSourceObject: {fileID: 0}
  m_PrefabInternal: {fileID: 0}
  serializedVersion: 6
  m_Component:
  - component: {fileID: 1785405976}
  - component: {fileID: 1785405975}
  m_Layer: 0
  m_Name: GameMaster
  m_TagString: Untagged
  m_Icon: {fileID: 0}
  m_NavMeshLayer: 0
  m_StaticEditorFlags: 0
  m_IsActive: 1
--- !u!114 &1785405975
MonoBehaviour:
  m_ObjectHideFlags: 0
  m_CorrespondingSourceObject: {fileID: 0}
  m_PrefabInternal: {fileID: 0}
  m_GameObject: {fileID: 1785405974}
  m_Enabled: 1
  m_EditorHideFlags: 0
  m_Script: {fileID: 11500000, guid: a963eb49ea460a541844ba394f8c680e, type: 3}
  m_Name: 
  m_EditorClassIdentifier: 
  DISTANCE_DETECT: 2
  DISTANCE_TO_OBSTACLE: 0.75
  LEADER_BEHIND_DIST: 3
  LEADER_SIGHT_RADIUS: 1.75
  SEPARATION_RADIUS: 5
  MAX_SEPARATION: 1.5
  SLOWING_RADIUS: 5
--- !u!4 &1785405976
Transform:
  m_ObjectHideFlags: 0
  m_CorrespondingSourceObject: {fileID: 0}
  m_PrefabInternal: {fileID: 0}
  m_GameObject: {fileID: 1785405974}
  m_LocalRotation: {x: 0, y: 0, z: 0, w: 1}
  m_LocalPosition: {x: 11.380835, y: 11.175538, z: 13.562198}
  m_LocalScale: {x: 1, y: 1, z: 1}
  m_Children: []
  m_Father: {fileID: 0}
  m_RootOrder: 18
  m_LocalEulerAnglesHint: {x: 0, y: 0, z: 0}
--- !u!1001 &1790944078
Prefab:
  m_ObjectHideFlags: 0
  serializedVersion: 2
  m_Modification:
    m_TransformParent: {fileID: 0}
    m_Modifications:
    - target: {fileID: 4315861647238624, guid: 060393bd5c82b6c4d83f77f797a707d7, type: 2}
      propertyPath: m_LocalPosition.x
      value: -7.7728634
      objectReference: {fileID: 0}
    - target: {fileID: 4315861647238624, guid: 060393bd5c82b6c4d83f77f797a707d7, type: 2}
      propertyPath: m_LocalPosition.y
      value: -6.8409142
      objectReference: {fileID: 0}
    - target: {fileID: 4315861647238624, guid: 060393bd5c82b6c4d83f77f797a707d7, type: 2}
      propertyPath: m_LocalPosition.z
      value: 0
      objectReference: {fileID: 0}
    - target: {fileID: 4315861647238624, guid: 060393bd5c82b6c4d83f77f797a707d7, type: 2}
      propertyPath: m_LocalRotation.x
      value: 0
      objectReference: {fileID: 0}
    - target: {fileID: 4315861647238624, guid: 060393bd5c82b6c4d83f77f797a707d7, type: 2}
      propertyPath: m_LocalRotation.y
      value: 0
      objectReference: {fileID: 0}
    - target: {fileID: 4315861647238624, guid: 060393bd5c82b6c4d83f77f797a707d7, type: 2}
      propertyPath: m_LocalRotation.z
      value: 0
      objectReference: {fileID: 0}
    - target: {fileID: 4315861647238624, guid: 060393bd5c82b6c4d83f77f797a707d7, type: 2}
      propertyPath: m_LocalRotation.w
      value: 1
      objectReference: {fileID: 0}
    - target: {fileID: 4315861647238624, guid: 060393bd5c82b6c4d83f77f797a707d7, type: 2}
      propertyPath: m_RootOrder
      value: 4
      objectReference: {fileID: 0}
    - target: {fileID: 1878988742446524, guid: 060393bd5c82b6c4d83f77f797a707d7, type: 2}
      propertyPath: m_Name
      value: Man (1)
      objectReference: {fileID: 0}
    - target: {fileID: 114930442966482394, guid: 060393bd5c82b6c4d83f77f797a707d7,
        type: 2}
      propertyPath: puntaje
      value: 
      objectReference: {fileID: 735986392}
    m_RemovedComponents: []
  m_SourcePrefab: {fileID: 100100000, guid: 060393bd5c82b6c4d83f77f797a707d7, type: 2}
  m_IsPrefabAsset: 0
--- !u!1001 &1919365483
Prefab:
  m_ObjectHideFlags: 0
  serializedVersion: 2
  m_Modification:
    m_TransformParent: {fileID: 0}
    m_Modifications:
    - target: {fileID: 4770917803277006, guid: baaf0f9b4d0ffbc418b7d4e4f1c902fc, type: 2}
      propertyPath: m_LocalPosition.x
      value: 0
      objectReference: {fileID: 0}
    - target: {fileID: 4770917803277006, guid: baaf0f9b4d0ffbc418b7d4e4f1c902fc, type: 2}
      propertyPath: m_LocalPosition.y
      value: 0
      objectReference: {fileID: 0}
    - target: {fileID: 4770917803277006, guid: baaf0f9b4d0ffbc418b7d4e4f1c902fc, type: 2}
      propertyPath: m_LocalPosition.z
      value: 0
      objectReference: {fileID: 0}
    - target: {fileID: 4770917803277006, guid: baaf0f9b4d0ffbc418b7d4e4f1c902fc, type: 2}
      propertyPath: m_LocalRotation.x
      value: 0
      objectReference: {fileID: 0}
    - target: {fileID: 4770917803277006, guid: baaf0f9b4d0ffbc418b7d4e4f1c902fc, type: 2}
      propertyPath: m_LocalRotation.y
      value: 0
      objectReference: {fileID: 0}
    - target: {fileID: 4770917803277006, guid: baaf0f9b4d0ffbc418b7d4e4f1c902fc, type: 2}
      propertyPath: m_LocalRotation.z
      value: 0
      objectReference: {fileID: 0}
    - target: {fileID: 4770917803277006, guid: baaf0f9b4d0ffbc418b7d4e4f1c902fc, type: 2}
      propertyPath: m_LocalRotation.w
      value: 1
      objectReference: {fileID: 0}
    - target: {fileID: 4770917803277006, guid: baaf0f9b4d0ffbc418b7d4e4f1c902fc, type: 2}
      propertyPath: m_RootOrder
      value: 15
      objectReference: {fileID: 0}
    - target: {fileID: 50212424417788796, guid: baaf0f9b4d0ffbc418b7d4e4f1c902fc,
        type: 2}
      propertyPath: m_Material
      value: 
      objectReference: {fileID: 6200000, guid: 495406ba07e8b4ddcb717a13bd8b72f2, type: 2}
    m_RemovedComponents: []
  m_SourcePrefab: {fileID: 100100000, guid: baaf0f9b4d0ffbc418b7d4e4f1c902fc, type: 2}
  m_IsPrefabAsset: 0
--- !u!1001 &2077801728
Prefab:
  m_ObjectHideFlags: 0
  serializedVersion: 2
  m_Modification:
    m_TransformParent: {fileID: 0}
    m_Modifications:
    - target: {fileID: 4777976878528740, guid: 70476a849e0e6d24187c27d60dc09939, type: 2}
      propertyPath: m_LocalPosition.x
      value: -11.09
      objectReference: {fileID: 0}
    - target: {fileID: 4777976878528740, guid: 70476a849e0e6d24187c27d60dc09939, type: 2}
      propertyPath: m_LocalPosition.y
      value: -7.4
      objectReference: {fileID: 0}
    - target: {fileID: 4777976878528740, guid: 70476a849e0e6d24187c27d60dc09939, type: 2}
      propertyPath: m_LocalPosition.z
      value: 0
      objectReference: {fileID: 0}
    - target: {fileID: 4777976878528740, guid: 70476a849e0e6d24187c27d60dc09939, type: 2}
      propertyPath: m_LocalRotation.x
      value: 0
      objectReference: {fileID: 0}
    - target: {fileID: 4777976878528740, guid: 70476a849e0e6d24187c27d60dc09939, type: 2}
      propertyPath: m_LocalRotation.y
      value: 0
      objectReference: {fileID: 0}
    - target: {fileID: 4777976878528740, guid: 70476a849e0e6d24187c27d60dc09939, type: 2}
      propertyPath: m_LocalRotation.z
      value: 0
      objectReference: {fileID: 0}
    - target: {fileID: 4777976878528740, guid: 70476a849e0e6d24187c27d60dc09939, type: 2}
      propertyPath: m_LocalRotation.w
      value: 1
      objectReference: {fileID: 0}
    - target: {fileID: 4777976878528740, guid: 70476a849e0e6d24187c27d60dc09939, type: 2}
      propertyPath: m_RootOrder
      value: 11
      objectReference: {fileID: 0}
    - target: {fileID: 1775547534266310, guid: 70476a849e0e6d24187c27d60dc09939, type: 2}
      propertyPath: m_Name
      value: enemy (3)
      objectReference: {fileID: 0}
    - target: {fileID: 114940331630043286, guid: 70476a849e0e6d24187c27d60dc09939,
        type: 2}
      propertyPath: puntaje
      value: 
      objectReference: {fileID: 0}
    - target: {fileID: 95509647392914916, guid: 70476a849e0e6d24187c27d60dc09939,
        type: 2}
      propertyPath: m_Controller
      value: 
      objectReference: {fileID: 9100000, guid: 00fb16b1bcda5b043a2e2701e3c80a40, type: 2}
    - target: {fileID: 114940331630043286, guid: 70476a849e0e6d24187c27d60dc09939,
        type: 2}
      propertyPath: leader
      value: 
      objectReference: {fileID: 249381358}
    - target: {fileID: 4861880699925996, guid: 70476a849e0e6d24187c27d60dc09939, type: 2}
      propertyPath: m_LocalPosition.x
      value: 0.31
      objectReference: {fileID: 0}
    - target: {fileID: 114940331630043286, guid: 70476a849e0e6d24187c27d60dc09939,
        type: 2}
      propertyPath: leaderName
      value: enemy
      objectReference: {fileID: 0}
    - target: {fileID: 114940331630043286, guid: 70476a849e0e6d24187c27d60dc09939,
        type: 2}
      propertyPath: shoot
      value: 1
      objectReference: {fileID: 0}
    m_RemovedComponents: []
  m_SourcePrefab: {fileID: 100100000, guid: 70476a849e0e6d24187c27d60dc09939, type: 2}
  m_IsPrefabAsset: 0
--- !u!1 &2095665338
GameObject:
  m_ObjectHideFlags: 0
  m_CorrespondingSourceObject: {fileID: 0}
  m_PrefabInternal: {fileID: 0}
  serializedVersion: 6
  m_Component:
  - component: {fileID: 2095665341}
  - component: {fileID: 2095665340}
  - component: {fileID: 2095665339}
  - component: {fileID: 2095665342}
  m_Layer: 0
  m_Name: Main Camera
  m_TagString: MainCamera
  m_Icon: {fileID: 0}
  m_NavMeshLayer: 0
  m_StaticEditorFlags: 0
  m_IsActive: 1
--- !u!81 &2095665339
AudioListener:
  m_ObjectHideFlags: 0
  m_CorrespondingSourceObject: {fileID: 0}
  m_PrefabInternal: {fileID: 0}
  m_GameObject: {fileID: 2095665338}
  m_Enabled: 1
--- !u!20 &2095665340
Camera:
  m_ObjectHideFlags: 0
  m_CorrespondingSourceObject: {fileID: 0}
  m_PrefabInternal: {fileID: 0}
  m_GameObject: {fileID: 2095665338}
  m_Enabled: 1
  serializedVersion: 2
  m_ClearFlags: 1
  m_BackGroundColor: {r: 0.104129605, g: 0.5660378, b: 0.1414518, a: 0}
  m_projectionMatrixMode: 1
  m_SensorSize: {x: 36, y: 24}
  m_LensShift: {x: 0, y: 0}
  m_FocalLength: 50
  m_NormalizedViewPortRect:
    serializedVersion: 2
    x: 0
    y: 0
    width: 1
    height: 1
  near clip plane: 0.3
  far clip plane: 1000
  field of view: 60
  orthographic: 1
  orthographic size: 10
  m_Depth: -1
  m_CullingMask:
    serializedVersion: 2
    m_Bits: 4294967295
  m_RenderingPath: -1
  m_TargetTexture: {fileID: 0}
  m_TargetDisplay: 0
  m_TargetEye: 3
  m_HDR: 1
  m_AllowMSAA: 1
  m_AllowDynamicResolution: 0
  m_ForceIntoRT: 0
  m_OcclusionCulling: 1
  m_StereoConvergence: 10
  m_StereoSeparation: 0.022
--- !u!4 &2095665341
Transform:
  m_ObjectHideFlags: 0
  m_CorrespondingSourceObject: {fileID: 0}
  m_PrefabInternal: {fileID: 0}
  m_GameObject: {fileID: 2095665338}
  m_LocalRotation: {x: 0, y: 0, z: 0, w: 1}
  m_LocalPosition: {x: 0, y: 0, z: -10}
  m_LocalScale: {x: 1, y: 1, z: 1}
  m_Children:
  - {fileID: 21133293}
  m_Father: {fileID: 0}
  m_RootOrder: 0
  m_LocalEulerAnglesHint: {x: 0, y: 0, z: 0}
--- !u!114 &2095665342
MonoBehaviour:
  m_ObjectHideFlags: 0
  m_CorrespondingSourceObject: {fileID: 0}
  m_PrefabInternal: {fileID: 0}
  m_GameObject: {fileID: 2095665338}
  m_Enabled: 1
  m_EditorHideFlags: 0
  m_Script: {fileID: 11500000, guid: f23d7a5023ac048589727b3171e8e07a, type: 3}
  m_Name: 
  m_EditorClassIdentifier: 
  player: {fileID: 2108361499}
--- !u!1 &2108361499 stripped
GameObject:
  m_CorrespondingSourceObject: {fileID: 1578416205214766, guid: baaf0f9b4d0ffbc418b7d4e4f1c902fc,
    type: 2}
  m_PrefabInternal: {fileID: 1919365483}
--- !u!1001 &2130700810
Prefab:
  m_ObjectHideFlags: 0
  serializedVersion: 2
  m_Modification:
    m_TransformParent: {fileID: 0}
    m_Modifications:
    - target: {fileID: 4777976878528740, guid: 70476a849e0e6d24187c27d60dc09939, type: 2}
      propertyPath: m_LocalPosition.x
      value: 1.9
      objectReference: {fileID: 0}
    - target: {fileID: 4777976878528740, guid: 70476a849e0e6d24187c27d60dc09939, type: 2}
      propertyPath: m_LocalPosition.y
      value: -1.76
      objectReference: {fileID: 0}
    - target: {fileID: 4777976878528740, guid: 70476a849e0e6d24187c27d60dc09939, type: 2}
      propertyPath: m_LocalPosition.z
      value: 0
      objectReference: {fileID: 0}
    - target: {fileID: 4777976878528740, guid: 70476a849e0e6d24187c27d60dc09939, type: 2}
      propertyPath: m_LocalRotation.x
      value: 0
      objectReference: {fileID: 0}
    - target: {fileID: 4777976878528740, guid: 70476a849e0e6d24187c27d60dc09939, type: 2}
      propertyPath: m_LocalRotation.y
      value: 0
      objectReference: {fileID: 0}
    - target: {fileID: 4777976878528740, guid: 70476a849e0e6d24187c27d60dc09939, type: 2}
      propertyPath: m_LocalRotation.z
      value: 0
      objectReference: {fileID: 0}
    - target: {fileID: 4777976878528740, guid: 70476a849e0e6d24187c27d60dc09939, type: 2}
      propertyPath: m_LocalRotation.w
      value: 1
      objectReference: {fileID: 0}
    - target: {fileID: 4777976878528740, guid: 70476a849e0e6d24187c27d60dc09939, type: 2}
      propertyPath: m_RootOrder
      value: 13
      objectReference: {fileID: 0}
    - target: {fileID: 1775547534266310, guid: 70476a849e0e6d24187c27d60dc09939, type: 2}
      propertyPath: m_Name
      value: enemy (1)
      objectReference: {fileID: 0}
    - target: {fileID: 114940331630043286, guid: 70476a849e0e6d24187c27d60dc09939,
        type: 2}
      propertyPath: puntaje
      value: 
      objectReference: {fileID: 0}
    - target: {fileID: 95509647392914916, guid: 70476a849e0e6d24187c27d60dc09939,
        type: 2}
      propertyPath: m_Controller
      value: 
      objectReference: {fileID: 9100000, guid: 00fb16b1bcda5b043a2e2701e3c80a40, type: 2}
    - target: {fileID: 4861880699925996, guid: 70476a849e0e6d24187c27d60dc09939, type: 2}
      propertyPath: m_LocalPosition.x
      value: 0.31
      objectReference: {fileID: 0}
    - target: {fileID: 114940331630043286, guid: 70476a849e0e6d24187c27d60dc09939,
        type: 2}
      propertyPath: leader
      value: 
      objectReference: {fileID: 0}
    - target: {fileID: 114940331630043286, guid: 70476a849e0e6d24187c27d60dc09939,
        type: 2}
      propertyPath: leaderName
      value: enemy
      objectReference: {fileID: 0}
    - target: {fileID: 114940331630043286, guid: 70476a849e0e6d24187c27d60dc09939,
        type: 2}
      propertyPath: shoot
      value: 1
      objectReference: {fileID: 0}
    m_RemovedComponents: []
  m_SourcePrefab: {fileID: 100100000, guid: 70476a849e0e6d24187c27d60dc09939, type: 2}
  m_IsPrefabAsset: 0
